
@article{Maciula:2022lzk,
    author = "Maciula, Rafal and Szczurek, Antoni",
    title = "{Far-forward production of charm mesons and neutrinos at Forward Physics Facilities at the LHC and the intrinsic charm in the proton}",
    eprint = "2210.08890",
    archivePrefix = "arXiv",
    primaryClass = "hep-ph",
    month = "10",
    year = "2022"
}

@article{Kling:2021gos,
    author = "Kling, Felix and Nevay, Laurence J.",
    title = "{Forward neutrino fluxes at the LHC}",
    eprint = "2105.08270",
    archivePrefix = "arXiv",
    primaryClass = "hep-ph",
    doi = "10.1103/PhysRevD.104.113008",
    journal = "Phys. Rev. D",
    volume = "104",
    number = "11",
    pages = "113008",
    year = "2021"
}

@article{Moch:2021qrk,
    author = "Moch, S. and Ruijl, B. and Ueda, T. and Vermaseren, J. A. M. and Vogt, A.",
    title = "{Low moments of the four-loop splitting functions in QCD}",
    eprint = "2111.15561",
    archivePrefix = "arXiv",
    primaryClass = "hep-ph",
    reportNumber = "DESY 21-203, NIKHEF 21-030, LTH 1282",
    doi = "10.1016/j.physletb.2021.136853",
    journal = "Phys. Lett. B",
    volume = "825",
    pages = "136853",
    year = "2022"
}

@article{Ackermann:2022rqc,
    author = "Ackermann, Markus and others",
    title = "{High-energy and ultra-high-energy neutrinos: A Snowmass white paper}",
    eprint = "2203.08096",
    archivePrefix = "arXiv",
    primaryClass = "hep-ph",
    doi = "10.1016/j.jheap.2022.08.001",
    journal = "JHEAp",
    volume = "36",
    pages = "55--110",
    year = "2022"
}

@article{Moch:2007rq,
    author = "Moch, S. and Rogal, M. and Vogt, A.",
    title = "{Differences between charged-current coefficient functions}",
    eprint = "0708.3731",
    archivePrefix = "arXiv",
    primaryClass = "hep-ph",
    reportNumber = "DESY-07-048, SFT-CPP-07-13, LTH-756",
    doi = "10.1016/j.nuclphysb.2007.09.022",
    journal = "Nucl. Phys. B",
    volume = "790",
    pages = "317--335",
    year = "2008"
}

@article{Moch:2008fj,
    author = "Moch, S. and Vermaseren, J. A. M. and Vogt, A.",
    title = "{Third-order QCD corrections to the charged-current structure function F(3)}",
    eprint = "0812.4168",
    archivePrefix = "arXiv",
    primaryClass = "hep-ph",
    reportNumber = "DESY-08-197, SFB-CPP-08-105, NIKHEF-08-032, LTH-815",
    doi = "10.1016/j.nuclphysb.2009.01.001",
    journal = "Nucl. Phys. B",
    volume = "813",
    pages = "220--258",
    year = "2009"
}

@article{Gao:2017kkx,
    author = "Gao, Jun",
    title = "{Massive charged-current coefficient functions in deep-inelastic scattering at NNLO and impact on strange-quark distributions}",
    eprint = "1710.04258",
    archivePrefix = "arXiv",
    primaryClass = "hep-ph",
    doi = "10.1007/JHEP02(2018)026",
    journal = "JHEP",
    volume = "02",
    pages = "026",
    year = "2018"
}

@article{CHORUS:2005cpn,
    author = "Onengut, G. and others",
    collaboration = "CHORUS",
    title = "{Measurement of nucleon structure functions in neutrino scattering}",
    reportNumber = "CERN-PH-EP-2005-048",
    doi = "10.1016/j.physletb.2005.10.062",
    journal = "Phys. Lett. B",
    volume = "632",
    pages = "65--75",
    year = "2006"
}

@article{Conrad:1997ne,
    author = "Conrad, Janet M. and Shaevitz, Michael H. and Bolton, Tim",
    title = "{Precision measurements with high-energy neutrino beams}",
    eprint = "hep-ex/9707015",
    archivePrefix = "arXiv",
    reportNumber = "KSU-HEP-97-03",
    doi = "10.1103/RevModPhys.70.1341",
    journal = "Rev. Mod. Phys.",
    volume = "70",
    pages = "1341--1392",
    year = "1998"
}

@article{BEBCWA59:1987rcd,
    author = "Varvell, K. and others",
    collaboration = "BEBC WA59",
    title = "{Measurement of the Structure Functions F2 and Xf3 and Comparison With {QCD} Predictions Including Kinematical and Dynamical Higher Twist Effects}",
    reportNumber = "CERN-EP-87-46",
    doi = "10.1007/BF01556159",
    journal = "Z. Phys. C",
    volume = "36",
    pages = "1",
    year = "1987"
}


@article{Carrazza:2021yrg,
    author = "Carrazza, Stefano and Cruz-Martinez, Juan M. and Stegeman, Roy",
    title = "{A data-based parametrization of parton distribution functions}",
    eprint = "2111.02954",
    archivePrefix = "arXiv",
    primaryClass = "hep-ph",
    reportNumber = "TIF-UNIMI-2021-18",
    doi = "10.1140/epjc/s10052-022-10136-z",
    journal = "Eur. Phys. J. C",
    volume = "82",
    number = "2",
    pages = "163",
    year = "2022"
}

@article{Oltman:1992pq,
    author = "Oltman, E. and others",
    title = "{Nucleon structure functions from high energy neutrino interactions}",
    doi = "10.1007/BF01483872",
    journal = "Z. Phys. C",
    volume = "53",
    pages = "51--71",
    year = "1992"
}

@article{CHARM:1982ods,
    author = "Bergsma, F. and others",
    collaboration = "CHARM",
    title = "{Experimental Study of the Nucleon Structure Functions and of the Gluon Distribution from Charged Current Neutrino and anti-neutrinos Interactions}",
    reportNumber = "CERN-EP-82-194",
    doi = "10.1016/0370-2693(83)90436-7",
    journal = "Phys. Lett. B",
    volume = "123",
    pages = "269",
    year = "1983"
}

@article{Abramowicz:1984yk,
    author = "Abramowicz, H. and others",
    editor = "Meyer, A. and Wieczorek, E.",
    title = "{Measurement of $\nu$ and $\bar{\nu}$ structure functions in hydrogen and iron}",
    reportNumber = "CERN-EP-84-57",
    doi = "10.1007/BF01571954",
    journal = "Z. Phys. C",
    volume = "25",
    pages = "29--43",
    year = "1984"
}




@article{MINERvA:2016oql,
    author = "Mousseau, J. and others",
    collaboration = "MINERvA",
    title = "{Measurement of Partonic Nuclear Effects in Deep-Inelastic Neutrino Scattering using MINERvA}",
    eprint = "1601.06313",
    archivePrefix = "arXiv",
    primaryClass = "hep-ex",
    reportNumber = "FERMILAB-PUB-15-556-ND",
    doi = "10.1103/PhysRevD.93.071101",
    journal = "Phys. Rev. D",
    volume = "93",
    number = "7",
    pages = "071101",
    year = "2016"
}


@article{Feng:2017uoz,
    author = "Feng, Jonathan L. and Galon, Iftah and Kling, Felix and Trojanowski, Sebastian",
    title = "{ForwArd Search ExpeRiment at the LHC}",
    eprint = "1708.09389",
    archivePrefix = "arXiv",
    primaryClass = "hep-ph",
    reportNumber = "UCI-TR-2017-08",
    doi = "10.1103/PhysRevD.97.035001",
    journal = "Phys. Rev. D",
    volume = "97",
    number = "3",
    pages = "035001",
    year = "2018"
}

@article{SHiP:2020sos,
    author = "Ahdida, C. and others",
    collaboration = "SHiP",
    title = "{SND@LHC}",
    eprint = "2002.08722",
    archivePrefix = "arXiv",
    primaryClass = "physics.ins-det",
    reportNumber = "CERN-LHCC-2020-002, LHCC-I-035",
    month = "2",
    year = "2020"
}

@article{Feng:2022inv,
    author = "Feng, Jonathan L. and others",
    title = "{The Forward Physics Facility at the High-Luminosity LHC}",
    eprint = "2203.05090",
    archivePrefix = "arXiv",
    primaryClass = "hep-ex",
    reportNumber = "UCI-TR-2022-01, CERN-PBC-Notes-2022-001,
  FERMILAB-PUB-22-094-ND-SCD-T, INT-PUB-22-006, BONN-TH-2022-04",
    month = "3",
    year = "2022"
}

@article{Gluck:1998xa,
    author = {Gl\"uck, M. and Reya, E. and Vogt, A.},
    title = "{Dynamical parton distributions revisited}",
    eprint = "hep-ph/9806404",
    archivePrefix = "arXiv",
    reportNumber = "DO-TH-98-07, WUE-ITP-98-019",
    doi = "10.1007/s100520050289",
    journal = "Eur. Phys. J. C",
    volume = "5",
    pages = "461--470",
    year = "1998"
}

@article{Anchordoqui:2021ghd,
    author = "Anchordoqui, Luis A. and others",
    title = "{The Forward Physics Facility: Sites, experiments, and physics potential}",
    eprint = "2109.10905",
    archivePrefix = "arXiv",
    primaryClass = "hep-ph",
    reportNumber = "BNL-222142-2021-FORE, CERN-PBC-Notes-2021-025, DESY-21-142, DESY-21-142,
  FERMILAB-CONF-21-452-AE-E-ND-PPD-T, KYUSHU-RCAPP-2021-01, LU TP 21-36,
  PITT-PACC-2118, SMU-HEP-21-10, UCI-TR-2021-22, FERMILAB-CONF-21-452-AE-E-ND-PPD-T",
    doi = "10.1016/j.physrep.2022.04.004",
    journal = "Phys. Rept.",
    volume = "968",
    pages = "1--50",
    year = "2022"
}


@article{DUNE:2020ypp,
    author = "Abi, Babak and others",
    collaboration = "DUNE",
    title = "{Deep Underground Neutrino Experiment (DUNE), Far Detector Technical Design Report, Volume II: DUNE Physics}",
    eprint = "2002.03005",
    archivePrefix = "arXiv",
    primaryClass = "hep-ex",
    reportNumber = "FERMILAB-PUB-20-025-ND, FERMILAB-DESIGN-2020-02",
    month = "2",
    year = "2020"
}

@article{Bodek:2021bde,
    author = "Bodek, Arie and Yang, Un Ki and Xu, Yang",
    title = "{Inelastic Axial and Vector Structure Functions for Lepton-Nucleon Scattering 2021 Update}",
    eprint = "2108.09240",
    archivePrefix = "arXiv",
    primaryClass = "hep-ph",
    month = "8",
    year = "2021"
}

@article{Bodek:2010km,
    author = "Bodek, Arie and Yang, Un-ki",
    title = "{Axial and Vector Structure Functions for Electron- and Neutrino- Nucleon Scattering Cross Sections at all $Q^2$ using Effective Leading order Parton Distribution Functions}",
    eprint = "1011.6592",
    archivePrefix = "arXiv",
    primaryClass = "hep-ph",
    month = "11",
    year = "2010"
}

@article{Yang:1998zb,
    author = "Yang, Un-Ki and Bodek, A.",
    editor = "Astbury, A. and Axen, D. and Robinson, J.",
    title = "{Parton distributions, $d / u$, and higher twist effects at high x}",
    eprint = "hep-ph/9809480",
    archivePrefix = "arXiv",
    reportNumber = "UR-1543, DOE-ER-40685-929",
    doi = "10.1103/PhysRevLett.82.2467",
    journal = "Phys. Rev. Lett.",
    volume = "82",
    pages = "2467--2470",
    year = "1999"
}

@article{Bodek:2004pc,
    author = "Bodek, Arie and Park, Inkyu and Yang, Un-ki",
    editor = "Cavanna, F. and Keppel, C. and Lipari, P. and Sakuda, M.",
    title = "{Improved low Q**2 model for neutrino and electron nucleon cross sections in few GeV region}",
    eprint = "hep-ph/0411202",
    archivePrefix = "arXiv",
    doi = "10.1016/j.nuclphysbps.2004.11.208",
    journal = "Nucl. Phys. B Proc. Suppl.",
    volume = "139",
    pages = "113--118",
    year = "2005"
}

@article{Bodek:2002vp,
    author = "Bodek, A. and Yang, U. K.",
    editor = "Morfin, J. G. and Sakuda, M. and Suzuki, Y.",
    title = "{Modeling deep inelastic cross-sections in the few GeV region}",
    eprint = "hep-ex/0203009",
    archivePrefix = "arXiv",
    doi = "10.1016/S0920-5632(02)01755-3",
    journal = "Nucl. Phys. B Proc. Suppl.",
    volume = "112",
    pages = "70--76",
    year = "2002"
}

@inproceedings{Bodek:2003wd,
    author = "Bodek, A. and Yang, U. K.",
    title = "{Modeling neutrino and electron scattering inelastic cross- sections in the few GeV region with effective LO PDFs TV Leading Order}",
    booktitle = "{2nd International Workshop on Neutrino-Nucleus Interactions in the Few GeV Region}",
    eprint = "hep-ex/0308007",
    archivePrefix = "arXiv",
    month = "8",
    year = "2003"
}

@article{Bonvini:2016wki,
    author = "Bonvini, Marco and Marzani, Simone and Peraro, Tiziano",
    title = "{Small-$x$ resummation from HELL}",
    eprint = "1607.02153",
    archivePrefix = "arXiv",
    primaryClass = "hep-ph",
    reportNumber = "OUTP-16-20P, EDINBURGH-2016-13",
    doi = "10.1140/epjc/s10052-016-4445-6",
    journal = "Eur. Phys. J. C",
    volume = "76",
    number = "11",
    pages = "597",
    year = "2016"
}

@article{Mangano:2001mj,
    author = "Mangano, Michelangelo L. and others",
    editor = "Blondel, A. and others",
    title = "{Physics at the front end of a neutrino factory: A Quantitative appraisal}",
    eprint = "hep-ph/0105155",
    archivePrefix = "arXiv",
    reportNumber = "CERN-TH-2001-131",
    doi = "10.5170/CERN-2004-002.185",
    pages = "185--257",
    month = "5",
    year = "2001"
}

@article{NuSTEC:2017hzk,
    author = "Alvarez-Ruso, L. and others",
    collaboration = "NuSTEC",
    title = "{NuSTEC White Paper: Status and challenges of neutrino\textendash{}nucleus scattering}",
    eprint = "1706.03621",
    archivePrefix = "arXiv",
    primaryClass = "hep-ph",
    reportNumber = "FERMILAB-PUB-17-195-ND-T, INT-PUB-17-020",
    doi = "10.1016/j.ppnp.2018.01.006",
    journal = "Prog. Part. Nucl. Phys.",
    volume = "100",
    pages = "1--68",
    year = "2018"
}


@article{Ball:2017otu,
    author = "Ball, Richard D. and Bertone, Valerio and Bonvini, Marco and Marzani, Simone and Rojo, Juan and Rottoli, Luca",
    title = "{Parton distributions with small-x resummation: evidence for BFKL dynamics in HERA data}",
    eprint = "1710.05935",
    archivePrefix = "arXiv",
    primaryClass = "hep-ph",
    reportNumber = "EDINBURGH-2017-15, NIKHEF-2017-027, OUTP-17-12P",
    doi = "10.1140/epjc/s10052-018-5774-4",
    journal = "Eur. Phys. J. C",
    volume = "78",
    number = "4",
    pages = "321",
    year = "2018"
}

@article{Gauld:2019pgt,
    author = "Gauld, Rhorry",
    title = "{Precise predictions for multi-TeV and PeV energy neutrino scattering rates}",
    eprint = "1905.03792",
    archivePrefix = "arXiv",
    primaryClass = "hep-ph",
    reportNumber = "NIKHEF 2019-011",
    doi = "10.1103/PhysRevD.100.091301",
    journal = "Phys. Rev. D",
    volume = "100",
    number = "9",
    pages = "091301",
    year = "2019"
}

@article{Gauld:2016kpd,
    author = "Gauld, Rhorry and Rojo, Juan",
    title = "{Precision determination of the small-$x$ gluon from charm production at LHCb}",
    eprint = "1610.09373",
    archivePrefix = "arXiv",
    primaryClass = "hep-ph",
    reportNumber = "NIKHEF-2016-050",
    doi = "10.1103/PhysRevLett.118.072001",
    journal = "Phys. Rev. Lett.",
    volume = "118",
    number = "7",
    pages = "072001",
    year = "2017"
}

@article{Bertone:2018dse,
    author = "Bertone, Valerio and Gauld, Rhorry and Rojo, Juan",
    title = "{Neutrino Telescopes as QCD Microscopes}",
    eprint = "1808.02034",
    archivePrefix = "arXiv",
    primaryClass = "hep-ph",
    reportNumber = "Nikhef/2018-017",
    doi = "10.1007/JHEP01(2019)217",
    journal = "JHEP",
    volume = "01",
    pages = "217",
    year = "2019"
}



@article{Carli:2010rw,
    author = "Carli, Tancredi and Clements, Dan and Cooper-Sarkar, Amanda and Gwenlan, Claire and Salam, Gavin P. and Siegert, Frank and Starovoitov, Pavel and Sutton, Mark",
    title = "{A posteriori inclusion of parton density functions in NLO QCD final-state calculations at hadron colliders: The APPLGRID Project}",
    eprint = "0911.2985",
    archivePrefix = "arXiv",
    primaryClass = "hep-ph",
    doi = "10.1140/epjc/s10052-010-1255-0",
    journal = "Eur. Phys. J. C",
    volume = "66",
    pages = "503--524",
    year = "2010"
}

@article{Demartin:2010er,
    author = "Demartin, Federico and Forte, Stefano and Mariani, Elisa and Rojo, Juan and Vicini, Alessandro",
    title = "{The impact of PDF and alphas uncertainties on Higgs Production in gluon fusion at hadron colliders}",
    eprint = "1004.0962",
    archivePrefix = "arXiv",
    primaryClass = "hep-ph",
    reportNumber = "IFUM-956-FT",
    doi = "10.1103/PhysRevD.82.014002",
    journal = "Phys. Rev. D",
    volume = "82",
    pages = "014002",
    year = "2010"
}

@article{Ahmed:2016otz,
    author = "Ahmed, Taushif and Bonvini, Marco and Kumar, M. C. and Mathews, Prakash and Rana, Narayan and Ravindran, V. and Rottoli, Luca",
    title = "{Pseudo-scalar Higgs boson production at N$^3$ LO$_{\text {A}}$ +N$^3$ LL $'$}",
    eprint = "1606.00837",
    archivePrefix = "arXiv",
    primaryClass = "hep-ph",
    reportNumber = "OUTP-16-13P",
    doi = "10.1140/epjc/s10052-016-4510-1",
    journal = "Eur. Phys. J. C",
    volume = "76",
    number = "12",
    pages = "663",
    year = "2016"
}

@article{Czakon:2011xx,
    author = "Czakon, Michal and Mitov, Alexander",
    title = "{Top++: A Program for the Calculation of the Top-Pair Cross-Section at Hadron Colliders}",
    eprint = "1112.5675",
    archivePrefix = "arXiv",
    primaryClass = "hep-ph",
    reportNumber = "CERN-PH-TH-2011-303, TTK-11-58",
    doi = "10.1016/j.cpc.2014.06.021",
    journal = "Comput. Phys. Commun.",
    volume = "185",
    pages = "2930",
    year = "2014"
}

@article{Campbell:2019dru,
    author = "Campbell, John and Neumann, Tobias",
    title = "{Precision Phenomenology with MCFM}",
    eprint = "1909.09117",
    archivePrefix = "arXiv",
    primaryClass = "hep-ph",
    reportNumber = "FERMILAB-PUB-19-477-T, IIT-CAPP-19-03",
    doi = "10.1007/JHEP12(2019)034",
    journal = "JHEP",
    volume = "12",
    pages = "034",
    year = "2019"
}

@article{NuSea:2001idv,
    author = "Towell, R. S. and others",
    collaboration = "NuSea",
    title = "{Improved measurement of the anti-d / anti-u asymmetry in the nucleon sea}",
    eprint = "hep-ex/0103030",
    archivePrefix = "arXiv",
    reportNumber = "FERMILAB-PUB-01-487-E",
    doi = "10.1103/PhysRevD.64.052002",
    journal = "Phys. Rev. D",
    volume = "64",
    pages = "052002",
    year = "2001"
}

@article{BCDMS:1989ggw,
    author = "Benvenuti, A. C. and others",
    collaboration = "BCDMS",
    title = "{A High Statistics Measurement of the Deuteron Structure Functions F2 (X, $Q^2$) and R From Deep Inelastic Muon Scattering at High $Q^2$}",
    reportNumber = "CERN-EP-89-170, JINR-E1-90-284",
    doi = "10.1016/0370-2693(90)91231-Y",
    journal = "Phys. Lett. B",
    volume = "237",
    pages = "592--598",
    year = "1990"
}

@article{BCDMS:1989qop,
    author = "Benvenuti, A. C. and others",
    collaboration = "BCDMS",
    title = "{A High Statistics Measurement of the Proton Structure Functions F(2) (x, Q**2) and R from Deep Inelastic Muon Scattering at High Q**2}",
    reportNumber = "CERN-EP-89-06, JINR-E1-89-540",
    doi = "10.1016/0370-2693(89)91637-7",
    journal = "Phys. Lett. B",
    volume = "223",
    pages = "485--489",
    year = "1989"
}

@article{NewMuon:1996fwh,
    author = "Arneodo, M. and others",
    collaboration = "New Muon",
    title = "{Measurement of the proton and deuteron structure functions, F2(p) and F2(d), and of the ratio sigma-L / sigma-T}",
    eprint = "hep-ph/9610231",
    archivePrefix = "arXiv",
    doi = "10.1016/S0550-3213(96)00538-X",
    journal = "Nucl. Phys. B",
    volume = "483",
    pages = "3--43",
    year = "1997"
}

@article{CMS:2012ivw,
    author = "Chatrchyan, Serguei and others",
    collaboration = "CMS",
    title = "{Measurement of the Electron Charge Asymmetry in Inclusive $W$ Production in $pp$ Collisions at $\sqrt{s}=7$ TeV}",
    eprint = "1206.2598",
    archivePrefix = "arXiv",
    primaryClass = "hep-ex",
    reportNumber = "CMS-SMP-12-001, CERN-PH-EP-2012-151",
    doi = "10.1103/PhysRevLett.109.111806",
    journal = "Phys. Rev. Lett.",
    volume = "109",
    pages = "111806",
    year = "2012"
}

@article{CDF:2010vek,
    author = "Aaltonen, Timo Antero and others",
    collaboration = "CDF",
    title = "{Measurement of $d\sigma/dy$ of Drell-Yan $e^+e^-$ pairs in the $Z$ Mass Region from $p\bar{p}$ Collisions at $\sqrt{s}=1.96$ TeV}",
    eprint = "0908.3914",
    archivePrefix = "arXiv",
    primaryClass = "hep-ex",
    doi = "10.1016/j.physletb.2010.06.043",
    journal = "Phys. Lett. B",
    volume = "692",
    pages = "232--239",
    year = "2010"
}

@article{Accardi:2021ysh,
    author = "Accardi, A. and Hobbs, T. J. and Jing, X. and Nadolsky, P. M.",
    title = "{Deuterium scattering experiments in CTEQ global QCD analyses: a comparative investigation}",
    eprint = "2102.01107",
    archivePrefix = "arXiv",
    primaryClass = "hep-ph",
    reportNumber = "SMU-HEP-20-08, JLAB-THY-21-3313, FERMILAB-PUB-21-576-SCD",
    doi = "10.1140/epjc/s10052-021-09318-y",
    journal = "Eur. Phys. J. C",
    volume = "81",
    number = "7",
    pages = "603",
    year = "2021"
}

@article{ATLAS:2016pal,
    author = "Aaboud, Morad and others",
    collaboration = "ATLAS",
    title = "{Measurement of top quark pair differential cross-sections in the dilepton channel in $pp$ collisions at $\sqrt{s}$ = 7 and 8 TeV with ATLAS}",
    eprint = "1607.07281",
    archivePrefix = "arXiv",
    primaryClass = "hep-ex",
    reportNumber = "CERN-EP-2016-144",
    doi = "10.1103/PhysRevD.94.092003",
    journal = "Phys. Rev. D",
    volume = "94",
    number = "9",
    pages = "092003",
    year = "2016",
    note = "[Addendum: Phys.Rev.D 101, 119901 (2020)]"
}

@article{ATLAS:2016gic,
    author = "Aad, Georges and others",
    collaboration = "ATLAS",
    title = "{Measurement of the double-differential high-mass Drell-Yan cross section in pp collisions at $ \sqrt{s}=8 $ TeV with the ATLAS detector}",
    eprint = "1606.01736",
    archivePrefix = "arXiv",
    primaryClass = "hep-ex",
    reportNumber = "CERN-EP-2016-079",
    doi = "10.1007/JHEP08(2016)009",
    journal = "JHEP",
    volume = "08",
    pages = "009",
    year = "2016"
}

@article{ATLAS:2017irc,
    author = "Aaboud, Morad and others",
    collaboration = "ATLAS",
    title = "{Measurement of differential cross sections and $W^+/W^-$ cross-section ratios for $W$ boson production in association with jets at $\sqrt{s}=8$ TeV with the ATLAS detector}",
    eprint = "1711.03296",
    archivePrefix = "arXiv",
    primaryClass = "hep-ex",
    reportNumber = "CERN-EP-2017-213",
    doi = "10.1007/JHEP05(2018)077",
    journal = "JHEP",
    volume = "05",
    pages = "077",
    year = "2018",
    note = "[Erratum: JHEP 10, 048 (2020)]"
}

@article{CDF:2013hmv,
    author = "Aaltonen, Timo Antero and others",
    collaboration = "CDF, D0",
    title = "{Combination of Measurements of the Top-Quark Pair Production Cross Section from the Tevatron Collider}",
    eprint = "1309.7570",
    archivePrefix = "arXiv",
    primaryClass = "hep-ex",
    reportNumber = "FERMILAB-PUB-13-432-E",
    doi = "10.1103/PhysRevD.89.072001",
    journal = "Phys. Rev. D",
    volume = "89",
    number = "7",
    pages = "072001",
    year = "2014"
}

@article{CMS:2013hon,
    author = "Chatrchyan, Serguei and others",
    collaboration = "CMS",
    title = "{Measurement of the $t \bar{t}$ production cross section in the dilepton channel in pp collisions at $\sqrt{s}$ = 8 TeV}",
    eprint = "1312.7582",
    archivePrefix = "arXiv",
    primaryClass = "hep-ex",
    reportNumber = "CMS-TOP-12-007, CERN-PH-EP-2013-234",
    doi = "10.1007/JHEP02(2014)024",
    journal = "JHEP",
    volume = "02",
    pages = "024",
    year = "2014",
    note = "[Erratum: JHEP 02, 102 (2014)]"
}


@article{Bertone:2018ecm,
    author = "Bertone, V. and Hartland, N. P. and Nocera, E. R. and Rojo, J. and Rottoli, L.",
    collaboration = "NNPDF",
    title = "{Charged hadron fragmentation functions from collider data}",
    eprint = "1807.03310",
    archivePrefix = "arXiv",
    primaryClass = "hep-ph",
    reportNumber = "NIKHEF-2018-027, OUTP-18-01P",
    doi = "10.1140/epjc/s10052-018-6130-4",
    journal = "Eur. Phys. J. C",
    volume = "78",
    number = "8",
    pages = "651",
    year = "2018"
}

@article{ATLAS:2017kux,
    author = "Aaboud, Morad and others",
    collaboration = "ATLAS",
    title = "{Measurement of the inclusive jet cross-sections in proton-proton collisions at $ \sqrt{s}=8 $ TeV with the ATLAS detector}",
    eprint = "1706.03192",
    archivePrefix = "arXiv",
    primaryClass = "hep-ex",
    reportNumber = "CERN-EP-2017-043",
    doi = "10.1007/JHEP09(2017)020",
    journal = "JHEP",
    volume = "09",
    pages = "020",
    year = "2017"
}

@article{Harland-Lang:2015qea,
    author = "Harland-Lang, L. A. and Martin, A. D. and Motylinski, P. and Thorne, R. S.",
    title = "{Charm and beauty quark masses in the MMHT2014 global PDF analysis}",
    eprint = "1510.02332",
    archivePrefix = "arXiv",
    primaryClass = "hep-ph",
    reportNumber = "LCTS-2015-30, IPPP-15-60, DCPT-15-120",
    doi = "10.1140/epjc/s10052-015-3843-5",
    journal = "Eur. Phys. J. C",
    volume = "76",
    number = "1",
    pages = "10",
    year = "2016"
}

@article{Thorne:1997ga,
    author = "Thorne, R. S. and Roberts, R. G.",
    title = "{An Ordered analysis of heavy flavor production in deep inelastic scattering}",
    eprint = "hep-ph/9709442",
    archivePrefix = "arXiv",
    reportNumber = "RAL-TR-97-049",
    doi = "10.1103/PhysRevD.57.6871",
    journal = "Phys. Rev. D",
    volume = "57",
    pages = "6871--6898",
    year = "1998"
}

@article{Thorne:2006qt,
    author = "Thorne, R. S.",
    title = "{A Variable-flavor number scheme for NNLO}",
    eprint = "hep-ph/0601245",
    archivePrefix = "arXiv",
    reportNumber = "CAVENDISH-HEP-2006-01",
    doi = "10.1103/PhysRevD.73.054019",
    journal = "Phys. Rev. D",
    volume = "73",
    pages = "054019",
    year = "2006"
}

@article{Thorne:2012az,
    author = "Thorne, R. S.",
    title = "{Effect of changes of variable flavor number scheme on parton distribution functions and predicted cross sections}",
    eprint = "1201.6180",
    archivePrefix = "arXiv",
    primaryClass = "hep-ph",
    doi = "10.1103/PhysRevD.86.074017",
    journal = "Phys. Rev. D",
    volume = "86",
    pages = "074017",
    year = "2012"
}

@article{deFlorian:2011fp,
    author = "de Florian, Daniel and Sassot, Rodolfo and Zurita, Pia and Stratmann, Marco",
    title = "{Global Analysis of Nuclear Parton Distributions}",
    eprint = "1112.6324",
    archivePrefix = "arXiv",
    primaryClass = "hep-ph",
    doi = "10.1103/PhysRevD.85.074028",
    journal = "Phys. Rev. D",
    volume = "85",
    pages = "074028",
    year = "2012"
}

@article{NuTeV:2001dfo,
    author = "Goncharov, M. and others",
    collaboration = "NuTeV",
    title = "{Precise Measurement of Dimuon Production Cross-Sections in $\nu_{\mu}$ Fe and $\bar{\nu}_{\mu}$ Fe Deep Inelastic Scattering at the Tevatron.}",
    eprint = "hep-ex/0102049",
    archivePrefix = "arXiv",
    reportNumber = "FERMILAB-PUB-01-034-E",
    doi = "10.1103/PhysRevD.64.112006",
    journal = "Phys. Rev. D",
    volume = "64",
    pages = "112006",
    year = "2001"
}

@article{ATLAS:2017rue,
    author = "Aaboud, M. and others",
    collaboration = "ATLAS",
    title = "{Measurement of the Drell-Yan triple-differential cross section in $pp$ collisions at $\sqrt{s} = 8$ TeV}",
    eprint = "1710.05167",
    archivePrefix = "arXiv",
    primaryClass = "hep-ex",
    reportNumber = "CERN-EP-2017-152",
    doi = "10.1007/JHEP12(2017)059",
    journal = "JHEP",
    volume = "12",
    pages = "059",
    year = "2017"
}

@article{ATLAS:2019fgb,
    author = "Aad, Georges and others",
    collaboration = "ATLAS",
    title = "{Measurement of the cross-section and charge asymmetry of $W$ bosons produced in proton\textendash{}proton collisions at $\sqrt{s}=8~\text {TeV}$ with the ATLAS detector}",
    eprint = "1904.05631",
    archivePrefix = "arXiv",
    primaryClass = "hep-ex",
    reportNumber = "CERN-EP-2019-053",
    doi = "10.1140/epjc/s10052-019-7199-0",
    journal = "Eur. Phys. J. C",
    volume = "79",
    number = "9",
    pages = "760",
    year = "2019"
}

@article{Kidonakis:2000gi,
    author = "Kidonakis, Nikolaos and Owens, J. F.",
    title = "{Effects of higher order threshold corrections in high E(T) jet production}",
    eprint = "hep-ph/0007268",
    archivePrefix = "arXiv",
    reportNumber = "FSU-HEP-2000-0720",
    doi = "10.1103/PhysRevD.63.054019",
    journal = "Phys. Rev. D",
    volume = "63",
    pages = "054019",
    year = "2001"
}

@article{CMS:2013wql,
    author = "Chatrchyan, Serguei and others",
    collaboration = "CMS",
    title = "{Measurement of Associated W + Charm Production in pp Collisions at $\sqrt{s}$ = 7 TeV}",
    eprint = "1310.1138",
    archivePrefix = "arXiv",
    primaryClass = "hep-ex",
    reportNumber = "CMS-SMP-12-002, CERN-PH-EP-2013-149",
    doi = "10.1007/JHEP02(2014)013",
    journal = "JHEP",
    volume = "02",
    pages = "013",
    year = "2014"
}


@article{Martin:2012da,
    author = "Martin, A. D. and Mathijssen, A. J. Th. M. and Stirling, W. J. and Thorne, R. S. and Watt, B. J. A. and Watt, G.",
    title = "{Extended Parameterisations for MSTW PDFs and their effect on Lepton Charge Asymmetry from W Decays}",
    eprint = "1211.1215",
    archivePrefix = "arXiv",
    primaryClass = "hep-ph",
    reportNumber = "LCTS-2012-27, CAVENDISH-HEP-2012-16, IPPP-12-78, ZU-TH-24-12",
    doi = "10.1140/epjc/s10052-013-2318-9",
    journal = "Eur. Phys. J. C",
    volume = "73",
    number = "2",
    pages = "2318",
    year = "2013"
}

@article{Harland-Lang:2016yfn,
    author = "Harland-Lang, L. A. and Martin, A. D. and Motylinski, P. and Thorne, R. S.",
    title = "{The impact of the final HERA combined data on PDFs obtained from a global fit}",
    eprint = "1601.03413",
    archivePrefix = "arXiv",
    primaryClass = "hep-ph",
    reportNumber = "LCTS-2015-45, IPPP-15-81, DCPT-15-162",
    doi = "10.1140/epjc/s10052-016-4020-1",
    journal = "Eur. Phys. J. C",
    volume = "76",
    number = "4",
    pages = "186",
    year = "2016"
}

@article{D0:2013lql,
    author = "Abazov, Victor Mukhamedovich and others",
    collaboration = "D0",
    title = "{Measurement of the W Boson Production Charge Asymmetry in $p\bar{p}\rightarrow W+X \rightarrow e\nu +X$ Events at $\sqrt{s}=1.96$ TeV}",
    eprint = "1312.2895",
    archivePrefix = "arXiv",
    primaryClass = "hep-ex",
    reportNumber = "FERMILAB-PUB-13-567-E",
    doi = "10.1103/PhysRevLett.112.151803",
    journal = "Phys. Rev. Lett.",
    volume = "112",
    number = "15",
    pages = "151803",
    year = "2014",
    note = "[Erratum: Phys.Rev.Lett. 114, 049901 (2015)]"
}


@article{Moffat:2021dji,
    author = "Moffat, Eric and Melnitchouk, Wally and Rogers, T. C. and Sato, Nobuo",
    collaboration = "Jefferson Lab Angular Momentum (JAM)",
    title = "{Simultaneous Monte~Carlo analysis of parton densities and fragmentation functions}",
    eprint = "2101.04664",
    archivePrefix = "arXiv",
    primaryClass = "hep-ph",
    reportNumber = "JLAB-THY-21-3304",
    doi = "10.1103/PhysRevD.104.016015",
    journal = "Phys. Rev. D",
    volume = "104",
    number = "1",
    pages = "016015",
    year = "2021"
}

@article{LHCb:2015kwa,
    author = "Aaij, Roel and others",
    collaboration = "LHCb",
    title = "{Measurement of forward $\rm Z\rightarrow e^+e^-$ production at $\sqrt{s}=8$ TeV}",
    eprint = "1503.00963",
    archivePrefix = "arXiv",
    primaryClass = "hep-ex",
    reportNumber = "CERN-PH-EP-2015-045, LHCB-PAPER-2015-003",
    doi = "10.1007/JHEP05(2015)109",
    journal = "JHEP",
    volume = "05",
    pages = "109",
    year = "2015"
}

@article{CMS:2014nvq,
    author = "Chatrchyan, Serguei and others",
    collaboration = "CMS",
    title = "{Measurement of the Ratio of Inclusive Jet Cross Sections using the Anti-$k_T$ Algorithm with Radius Parameters R=0.5 and 0.7 in pp Collisions at $\sqrt{s}=7$  TeV}",
    eprint = "1406.0324",
    archivePrefix = "arXiv",
    primaryClass = "hep-ex",
    reportNumber = "CMS-SMP-13-002, CERN-PH-EP-2014-068",
    doi = "10.1103/PhysRevD.90.072006",
    journal = "Phys. Rev. D",
    volume = "90",
    number = "7",
    pages = "072006",
    year = "2014"
}

@article{ATLAS:2016fij,
    author = "Aad, Georges and others",
    collaboration = "ATLAS",
    title = "{Measurement of $W^{\pm}$ and $Z$-boson production cross sections in $pp$ collisions at $\sqrt{s}=13$ TeV with the ATLAS detector}",
    eprint = "1603.09222",
    archivePrefix = "arXiv",
    primaryClass = "hep-ex",
    reportNumber = "CERN-EP-2016-069",
    doi = "10.1016/j.physletb.2016.06.023",
    journal = "Phys. Lett. B",
    volume = "759",
    pages = "601--621",
    year = "2016"
}

@article{ATLAS:2014riz,
    author = "Aad, Georges and others",
    collaboration = "ATLAS",
    title = "{Measurement of the inclusive jet cross-section in proton-proton collisions at $ \sqrt{s}=7 $ TeV using 4.5 fb-1 of data with the ATLAS detector}",
    eprint = "1410.8857",
    archivePrefix = "arXiv",
    primaryClass = "hep-ex",
    reportNumber = "CERN-PH-EP-2014-155",
    doi = "10.1007/JHEP02(2015)153",
    journal = "JHEP",
    volume = "02",
    pages = "153",
    year = "2015",
    note = "[Erratum: JHEP 09, 141 (2015)]"
}

@article{H1:2012xnw,
    author = "Abramowicz, H. and others",
    collaboration = "H1, ZEUS",
    title = "{Combination and QCD Analysis of Charm Production Cross Section Measurements in Deep-Inelastic ep Scattering at HERA}",
    eprint = "1211.1182",
    archivePrefix = "arXiv",
    primaryClass = "hep-ex",
    reportNumber = "DESY-12-172",
    doi = "10.1140/epjc/s10052-013-2311-3",
    journal = "Eur. Phys. J. C",
    volume = "73",
    number = "2",
    pages = "2311",
    year = "2013"
}

@article{LHCb:2015mad,
    author = "Aaij, Roel and others",
    collaboration = "LHCb",
    title = "{Measurement of forward W and Z boson production in $pp$ collisions at $ \sqrt{s}=8 $ TeV}",
    eprint = "1511.08039",
    archivePrefix = "arXiv",
    primaryClass = "hep-ex",
    reportNumber = "LHCB-PAPER-2015-049, CERN-PH-EP-2015-301",
    doi = "10.1007/JHEP01(2016)155",
    journal = "JHEP",
    volume = "01",
    pages = "155",
    year = "2016"
}

@article{LHCb:2015okr,
    author = "Aaij, Roel and others",
    collaboration = "LHCb",
    title = "{Measurement of the forward $Z$ boson production cross-section in $pp$ collisions at $\sqrt{s}=7$ TeV}",
    eprint = "1505.07024",
    archivePrefix = "arXiv",
    primaryClass = "hep-ex",
    reportNumber = "LHCB-PAPER-2015-001, CERN-PH-EP-2015-102",
    doi = "10.1007/JHEP08(2015)039",
    journal = "JHEP",
    volume = "08",
    pages = "039",
    year = "2015"
}

@article{CMS:2016yys,
    author = "Khachatryan, Vardan and others",
    collaboration = "CMS",
    title = "{Measurement of the t-tbar production cross section in the e-mu channel in proton-proton collisions at sqrt(s) = 7 and 8 TeV}",
    eprint = "1603.02303",
    archivePrefix = "arXiv",
    primaryClass = "hep-ex",
    reportNumber = "CMS-TOP-13-004, CERN-EP-2016-044",
    doi = "10.1007/JHEP08(2016)029",
    journal = "JHEP",
    volume = "08",
    pages = "029",
    year = "2016"
}

@article{CMS:2015yky,
    author = "Khachatryan, Vardan and others",
    collaboration = "CMS",
    title = "{Measurement of the top quark pair production cross section in proton-proton collisions at $\sqrt{s} =$ 13 TeV}",
    eprint = "1510.05302",
    archivePrefix = "arXiv",
    primaryClass = "hep-ex",
    reportNumber = "CMS-TOP-15-003, CERN-PH-EP-2015-280",
    doi = "10.1103/PhysRevLett.116.052002",
    journal = "Phys. Rev. Lett.",
    volume = "116",
    number = "5",
    pages = "052002",
    year = "2016"
}

@article{CMS:2015rld,
    author = "Khachatryan, Vardan and others",
    collaboration = "CMS",
    title = "{Measurement of the differential cross section for top quark pair production in pp collisions at $\sqrt{s} = 8\,\text {TeV} $}",
    eprint = "1505.04480",
    archivePrefix = "arXiv",
    primaryClass = "hep-ex",
    reportNumber = "CMS-TOP-12-028, CERN-PH-EP-2015-117",
    doi = "10.1140/epjc/s10052-015-3709-x",
    journal = "Eur. Phys. J. C",
    volume = "75",
    number = "11",
    pages = "542",
    year = "2015"
}

@article{CMS:2015hyl,
    author = "Khachatryan, Vardan and others",
    collaboration = "CMS",
    title = "{Measurement of the Z boson differential cross section in transverse momentum and rapidity in proton\textendash{}proton collisions at 8 TeV}",
    eprint = "1504.03511",
    archivePrefix = "arXiv",
    primaryClass = "hep-ex",
    reportNumber = "CMS-SMP-13-013, CERN-PH-EP-2015-059",
    doi = "10.1016/j.physletb.2015.07.065",
    journal = "Phys. Lett. B",
    volume = "749",
    pages = "187--209",
    year = "2015"
}

@article{CMS:2016qqr,
    author = "Khachatryan, Vardan and others",
    collaboration = "CMS",
    title = "{Measurement of the differential cross section and charge asymmetry for inclusive $\mathrm {p}\mathrm {p}\rightarrow \mathrm {W}^{\pm }+X$ production at ${\sqrt{s}} = 8$ TeV}",
    eprint = "1603.01803",
    archivePrefix = "arXiv",
    primaryClass = "hep-ex",
    reportNumber = "CMS-SMP-14-022, CERN-EP-2016-043",
    doi = "10.1140/epjc/s10052-016-4293-4",
    journal = "Eur. Phys. J. C",
    volume = "76",
    number = "8",
    pages = "469",
    year = "2016"
}

@article{ATLAS:2015lsn,
    author = "Aad, Georges and others",
    collaboration = "ATLAS",
    title = "{Measurements of top-quark pair differential cross-sections in the lepton+jets channel in $pp$ collisions at $\sqrt{s}=8$ TeV using the ATLAS detector}",
    eprint = "1511.04716",
    archivePrefix = "arXiv",
    primaryClass = "hep-ex",
    reportNumber = "CERN-PH-EP-2015-239",
    doi = "10.1140/epjc/s10052-016-4366-4",
    journal = "Eur. Phys. J. C",
    volume = "76",
    number = "10",
    pages = "538",
    year = "2016"
}

@article{ATLAS:2014nxi,
    author = "Aad, Georges and others",
    collaboration = "ATLAS",
    title = "{Measurement of the $t\bar{t}$ production cross-section using $e\mu $ events with b-tagged jets in pp collisions at $\sqrt{s}$ = 7 and 8  $\,\mathrm{TeV}$ with the ATLAS detector}",
    eprint = "1406.5375",
    archivePrefix = "arXiv",
    primaryClass = "hep-ex",
    reportNumber = "CERN-PH-EP-2014-124, CERN-EP-2014-124",
    doi = "10.1140/epjc/s10052-016-4501-2",
    journal = "Eur. Phys. J. C",
    volume = "74",
    number = "10",
    pages = "3109",
    year = "2014",
    note = "[Addendum: Eur.Phys.J.C 76, 642 (2016)]"
}

@article{ATLAS:2016zet,
    author = "Aaboud, Morad and others",
    collaboration = "ATLAS",
    title = "{Measurement of the $t\bar{t}$ production cross-section using $e\mu$ events with b-tagged jets in pp collisions at $\sqrt{s}$=13 TeV with the ATLAS detector}",
    eprint = "1606.02699",
    archivePrefix = "arXiv",
    primaryClass = "hep-ex",
    reportNumber = "CERN-EP-2016-088",
    doi = "10.1016/j.physletb.2016.08.019",
    journal = "Phys. Lett. B",
    volume = "761",
    pages = "136--157",
    year = "2016",
    note = "[Erratum: Phys.Lett.B 772, 879--879 (2017)]"
}

@article{ATLAS:2015iiu,
    author = "Aad, Georges and others",
    collaboration = "ATLAS",
    title = "{Measurement of the transverse momentum and $\phi ^*_{\eta }$ distributions of Drell\textendash{}Yan lepton pairs in proton\textendash{}proton collisions at $\sqrt{s}=8$  TeV with the ATLAS detector}",
    eprint = "1512.02192",
    archivePrefix = "arXiv",
    primaryClass = "hep-ex",
    reportNumber = "CERN-PH-EP-2015-275",
    doi = "10.1140/epjc/s10052-016-4070-4",
    journal = "Eur. Phys. J. C",
    volume = "76",
    number = "5",
    pages = "291",
    year = "2016"
}

@article{ATLAS:2014ape,
    author = "Aad, Georges and others",
    collaboration = "ATLAS",
    title = "{Measurement of the low-mass Drell-Yan differential cross section at $\sqrt{s}$ = 7 TeV using the ATLAS detector}",
    eprint = "1404.1212",
    archivePrefix = "arXiv",
    primaryClass = "hep-ex",
    reportNumber = "CERN-PH-EP-2014-020",
    doi = "10.1007/JHEP06(2014)112",
    journal = "JHEP",
    volume = "06",
    pages = "112",
    year = "2014"
}

@article{H1:2018flt,
    author = "Abramowicz, H. and others",
    collaboration = "H1, ZEUS",
    title = "{Combination and QCD analysis of charm and beauty production cross-section measurements in deep inelastic $ep$ scattering at HERA}",
    eprint = "1804.01019",
    archivePrefix = "arXiv",
    primaryClass = "hep-ex",
    reportNumber = "DESY 18-037, DESY-18-037",
    doi = "10.1140/epjc/s10052-018-5848-3",
    journal = "Eur. Phys. J. C",
    volume = "78",
    number = "6",
    pages = "473",
    year = "2018"
}

@article{Berger:2016inr,
    author = "Berger, Edmond L. and Gao, Jun and Li, Chong Sheng and Liu, Ze Long and Zhu, Hua Xing",
    title = "{Charm-Quark Production in Deep-Inelastic Neutrino Scattering at Next-to-Next-to-Leading Order in QCD}",
    eprint = "1601.05430",
    archivePrefix = "arXiv",
    primaryClass = "hep-ph",
    doi = "10.1103/PhysRevLett.116.212002",
    journal = "Phys. Rev. Lett.",
    volume = "116",
    number = "21",
    pages = "212002",
    year = "2016"
}

@article{CMS:2017iqf,
    author = "Sirunyan, Albert M and others",
    collaboration = "CMS",
    title = "{Measurement of double-differential cross sections for top quark pair production in pp collisions at $\sqrt{s} = 8$ $\,\text {TeV}$ and impact on parton distribution functions}",
    eprint = "1703.01630",
    archivePrefix = "arXiv",
    primaryClass = "hep-ex",
    reportNumber = "CMS-TOP-14-013, CERN-EP-2017-030",
    doi = "10.1140/epjc/s10052-017-4984-5",
    journal = "Eur. Phys. J. C",
    volume = "77",
    number = "7",
    pages = "459",
    year = "2017"
}

@article{CMS:2016lna,
    author = "Khachatryan, Vardan and others",
    collaboration = "CMS",
    title = "{Measurement and QCD analysis of double-differential inclusive jet cross sections in pp collisions at $ \sqrt{s}=8 $ TeV and cross section ratios to 2.76 and 7 TeV}",
    eprint = "1609.05331",
    archivePrefix = "arXiv",
    primaryClass = "hep-ex",
    reportNumber = "CMS-SMP-14-001, CERN-EP-2016-196",
    doi = "10.1007/JHEP03(2017)156",
    journal = "JHEP",
    volume = "03",
    pages = "156",
    year = "2017"
}

@article{Currie:2018xkj,
    author = "Currie, James and Gehrmann-De Ridder, Aude and Gehrmann, Thomas and Glover, E. W. Nigel and Huss, Alexander and Pires, Jo\~ao",
    title = "{Infrared sensitivity of single jet inclusive production at hadron colliders}",
    eprint = "1807.03692",
    archivePrefix = "arXiv",
    primaryClass = "hep-ph",
    reportNumber = "IPPP-18-38, ZU-TH-24-18, CFTP-18-010, IPPP/18/38, ZU-TH 24/18, CFTP/18-010, CERN-TH-2018-159",
    doi = "10.1007/JHEP10(2018)155",
    journal = "JHEP",
    volume = "10",
    pages = "155",
    year = "2018"
}


@article{DelDebbio:2007ee,
    author = "Del Debbio, Luigi and Forte, Stefano and Latorre, Jose I. and Piccione, Andrea and Rojo, Joan",
    collaboration = "NNPDF",
    title = "{Neural network determination of parton distributions: The Nonsinglet case}",
    eprint = "hep-ph/0701127",
    archivePrefix = "arXiv",
    reportNumber = "UB-ECM-PF-06-17, IFUM-882-FT, GEF-TH-01-2007",
    doi = "10.1088/1126-6708/2007/03/039",
    journal = "JHEP",
    volume = "03",
    pages = "039",
    year = "2007"
}

@article{CDF:2007bvv,
    author = "Abulencia, A. and others",
    collaboration = "CDF",
    title = "{Measurement of the Inclusive Jet Cross Section using the $k_{\rm T}$ algorithmin $p\overline{p}$ Collisions at $\sqrt{s}$ = 1.96 TeV with the CDF II Detector}",
    eprint = "hep-ex/0701051",
    archivePrefix = "arXiv",
    reportNumber = "FERMILAB-PUB-07-026-E",
    doi = "10.1103/PhysRevD.75.092006",
    journal = "Phys. Rev. D",
    volume = "75",
    pages = "092006",
    year = "2007",
    note = "[Erratum: Phys.Rev.D 75, 119901 (2007)]"
}

@article{ATLAS:2011qdp,
    author = "Aad, Georges and others",
    collaboration = "ATLAS",
    title = "{Measurement of the inclusive $W^\pm$ and Z/gamma cross sections in the electron and muon decay channels in $pp$ collisions at $\sqrt{s}=7$ TeV with the ATLAS detector}",
    eprint = "1109.5141",
    archivePrefix = "arXiv",
    primaryClass = "hep-ex",
    reportNumber = "CERN-PH-EP-2011-143",
    doi = "10.1103/PhysRevD.85.072004",
    journal = "Phys. Rev. D",
    volume = "85",
    pages = "072004",
    year = "2012"
}

@article{Garcia:2020jwr,
    author = "Garcia, Alfonso and Gauld, Rhorry and Heijboer, Aart and Rojo, Juan",
    title = "{Complete predictions for high-energy neutrino propagation in matter}",
    eprint = "2004.04756",
    archivePrefix = "arXiv",
    primaryClass = "hep-ph",
    doi = "10.1088/1475-7516/2020/09/025",
    journal = "JCAP",
    volume = "09",
    pages = "025",
    year = "2020"
}

@article{CMS:2015jdl,
    author = "Khachatryan, Vardan and others",
    collaboration = "CMS",
    title = "{Measurement of the inclusive jet cross section in pp collisions at $\sqrt{s} = 2.76\,\text {TeV}$}",
    eprint = "1512.06212",
    archivePrefix = "arXiv",
    primaryClass = "hep-ex",
    reportNumber = "CMS-SMP-14-017, CERN-PH-EP-2015-299",
    doi = "10.1140/epjc/s10052-016-4083-z",
    journal = "Eur. Phys. J. C",
    volume = "76",
    number = "5",
    pages = "265",
    year = "2016"
}

@article{ATLAS:2013pbc,
    author = "Aad, Georges and others",
    collaboration = "ATLAS",
    title = "{Measurement of the inclusive jet cross section in pp collisions at sqrt(s)=2.76 TeV and comparison to the inclusive jet cross section at sqrt(s)=7 TeV using the ATLAS detector}",
    eprint = "1304.4739",
    archivePrefix = "arXiv",
    primaryClass = "hep-ex",
    reportNumber = "CERN-PH-EP-2013-036",
    doi = "10.1140/epjc/s10052-013-2509-4",
    journal = "Eur. Phys. J. C",
    volume = "73",
    number = "8",
    pages = "2509",
    year = "2013"
}

@article{CMS:2012ftr,
    author = "Chatrchyan, Serguei and others",
    collaboration = "CMS",
    title = "{Measurements of Differential Jet Cross Sections in Proton-Proton Collisions at $\sqrt{s}=7$ TeV with the CMS Detector}",
    eprint = "1212.6660",
    archivePrefix = "arXiv",
    primaryClass = "hep-ex",
    reportNumber = "CMS-QCD-11-004, CERN-PH-EP-2012-343",
    doi = "10.1103/PhysRevD.87.112002",
    journal = "Phys. Rev. D",
    volume = "87",
    number = "11",
    pages = "112002",
    year = "2013",
    note = "[Erratum: Phys.Rev.D 87, 119902 (2013)]"
}

@article{Nocera:2019wyk,
    author = "Nocera, Emanuele R. and Ubiali, Maria and Voisey, Cameron",
    title = "{Single Top Production in PDF fits}",
    eprint = "1912.09543",
    archivePrefix = "arXiv",
    primaryClass = "hep-ph",
    reportNumber = "Cavendish-HEP-19/18, DAMTP-2019-28, Nikhef 2019-053",
    doi = "10.1007/JHEP05(2020)067",
    journal = "JHEP",
    volume = "05",
    pages = "067",
    year = "2020"
}

@article{Campbell:2018wfu,
    author = "Campbell, John M. and Rojo, Juan and Slade, Emma and Williams, Ciaran",
    title = "{Direct photon production and PDF fits reloaded}",
    eprint = "1802.03021",
    archivePrefix = "arXiv",
    primaryClass = "hep-ph",
    reportNumber = "FERMILAB-PUB-18-018-T, Nikhef/2017-068, OUTP-17-16P, NIKHEF-2017-068",
    doi = "10.1140/epjc/s10052-018-5944-4",
    journal = "Eur. Phys. J. C",
    volume = "78",
    number = "6",
    pages = "470",
    year = "2018"
}

@article{Nocera:2014gqa,
    author = "Nocera, Emanuele R. and Ball, Richard D. and Forte, Stefano and Ridolfi, Giovanni and Rojo, Juan",
    collaboration = "NNPDF",
    title = "{A first unbiased global determination of polarized PDFs and their uncertainties}",
    eprint = "1406.5539",
    archivePrefix = "arXiv",
    primaryClass = "hep-ph",
    reportNumber = "CERN-PH-TH-2014-106, IFUN-1028-FT, EDINBURGH-14-11, OUTP-14-06P",
    doi = "10.1016/j.nuclphysb.2014.08.008",
    journal = "Nucl. Phys. B",
    volume = "887",
    pages = "276--308",
    year = "2014"
}

@article{Ball:2020xqw,
    author = "Ball, Richard D. and Nocera, Emanuele R. and Pearson, Rosalyn L.",
    title = "{Deuteron Uncertainties in the Determination of Proton PDFs}",
    eprint = "2011.00009",
    archivePrefix = "arXiv",
    primaryClass = "hep-ph",
    reportNumber = "Edinburgh 2020/15, Nikhef/2020-033",
    doi = "10.1140/epjc/s10052-020-08826-7",
    journal = "Eur. Phys. J. C",
    volume = "81",
    number = "1",
    pages = "37",
    year = "2021"
}

@article{Ball:2018twp,
    author = "Ball, Richard D. and Nocera, Emanuele R. and Pearson, Rosalyn L.",
    collaboration = "NNPDF",
    title = "{Nuclear Uncertainties in the Determination of Proton PDFs}",
    eprint = "1812.09074",
    archivePrefix = "arXiv",
    primaryClass = "hep-ph",
    reportNumber = "Edinburgh 2018/4; Nikhef 2018-062, Edinburgh 2018/4, Nikhef 2018-062",
    doi = "10.1140/epjc/s10052-019-6793-5",
    journal = "Eur. Phys. J. C",
    volume = "79",
    number = "3",
    pages = "282",
    year = "2019"
}

@article{NOMAD:2013hbk,
    author = "Samoylov, O. and others",
    collaboration = "NOMAD",
    title = "{A Precision Measurement of Charm Dimuon Production in Neutrino Interactions from the NOMAD Experiment}",
    eprint = "1308.4750",
    archivePrefix = "arXiv",
    primaryClass = "hep-ex",
    doi = "10.1016/j.nuclphysb.2013.08.021",
    journal = "Nucl. Phys. B",
    volume = "876",
    pages = "339--375",
    year = "2013"
}

@article{Andreopoulos:2009rq,
    author = "Andreopoulos, C. and others",
    title = "{The GENIE Neutrino Monte Carlo Generator}",
    eprint = "0905.2517",
    archivePrefix = "arXiv",
    primaryClass = "hep-ph",
    reportNumber = "FERMILAB-PUB-09-418-CD",
    doi = "10.1016/j.nima.2009.12.009",
    journal = "Nucl. Instrum. Meth. A",
    volume = "614",
    pages = "87--104",
    year = "2010"
}

@article{Andreopoulos:2015wxa,
    author = "Andreopoulos, Costas and Barry, Christopher and Dytman, Steve and Gallagher, Hugh and Golan, Tomasz and Hatcher, Robert and Perdue, Gabriel and Yarba, Julia",
    title = "{The GENIE Neutrino Monte Carlo Generator: Physics and User Manual}",
    eprint = "1510.05494",
    archivePrefix = "arXiv",
    primaryClass = "hep-ph",
    reportNumber = "FERMILAB-FN-1004-CD",
    month = "10",
    year = "2015"
}

@article{NNPDF:2019ubu,
    author = "Abdul Khalek, Rabah and others",
    collaboration = "NNPDF",
    title = "{Parton Distributions with Theory Uncertainties: General Formalism and First Phenomenological Studies}",
    eprint = "1906.10698",
    archivePrefix = "arXiv",
    primaryClass = "hep-ph",
    reportNumber = "Edinburgh 2019/9, Nikhef/2019-014, TIF-UNIMI-2019-9 DAMTP-2019-24,
  CAVENDISH-HEP-19-11",
    doi = "10.1140/epjc/s10052-019-7401-4",
    journal = "Eur. Phys. J. C",
    volume = "79",
    number = "11",
    pages = "931",
    year = "2019"
}

@article{NNPDF:2019vjt,
    author = "Abdul Khalek, Rabah and others",
    collaboration = "NNPDF",
    title = "{A first determination of parton distributions with theoretical uncertainties}",
    eprint = "1905.04311",
    archivePrefix = "arXiv",
    primaryClass = "hep-ph",
    reportNumber = "CAVENDISH-HEP-19-07, DAMTP-2019-20, Edinburgh 2019/07, Nikhef
  2019-013, TIF-UNIMI-2019-4",
    doi = "10.1140/epjc/s10052-019-7364-5",
    journal = "Eur. Phys. J.",
    volume = "C",
    pages = "79:838",
    year = "2019"
}

@article{Ball:2018lag,
    author = "Ball, Richard D. and Deshpande, Abhay",
    editor = "Levy, Aharon and Forte, Stefano and Ridolfi, Giovanni",
    title = "{The proton spin, semi-inclusive processes, and measurements at a future Electron Ion Collider}",
    booktitle = "{From My Vast Repertoire ...}: {Guido Altarelli's Legacy}",
    eprint = "1801.04842",
    archivePrefix = "arXiv",
    primaryClass = "hep-ph",
    reportNumber = "Edinburgh 2018/3, BNL-200028-2018-JAAM, EDINBURGH-2018-3",
    doi = "10.1142/9789813238053_0011",
    pages = "205--226",
    year = "2019"
}



@article{Manohar:2016nzj,
    author = "Manohar, Aneesh and Nason, Paolo and Salam, Gavin P. and Zanderighi, Giulia",
    title = "{How bright is the proton? A precise determination of the photon parton distribution function}",
    eprint = "1607.04266",
    archivePrefix = "arXiv",
    primaryClass = "hep-ph",
    reportNumber = "CERN-TH-2016-155",
    doi = "10.1103/PhysRevLett.117.242002",
    journal = "Phys. Rev. Lett.",
    volume = "117",
    number = "24",
    pages = "242002",
    year = "2016"
}

@article{Manohar:2017eqh,
    author = "Manohar, Aneesh V. and Nason, Paolo and Salam, Gavin P. and Zanderighi, Giulia",
    title = "{The Photon Content of the Proton}",
    eprint = "1708.01256",
    archivePrefix = "arXiv",
    primaryClass = "hep-ph",
    reportNumber = "CERN-TH-2017-141",
    doi = "10.1007/JHEP12(2017)046",
    journal = "JHEP",
    volume = "12",
    pages = "046",
    year = "2017"
}

@article{Bertone:2017bme,
    author = "Bertone, Valerio and Carrazza, Stefano and Hartland, Nathan P. and Rojo, Juan",
    collaboration = "NNPDF",
    title = "{Illuminating the photon content of the proton within a global PDF analysis}",
    eprint = "1712.07053",
    archivePrefix = "arXiv",
    primaryClass = "hep-ph",
    reportNumber = "Nikhef/2017-064, CERN-TH-2017-235, NIKHEF-2017-064",
    doi = "10.21468/SciPostPhys.5.1.008",
    journal = "SciPost Phys.",
    volume = "5",
    number = "1",
    pages = "008",
    year = "2018"
}

@article{Ball:2009mk,
    author = "Ball, Richard D. and Del Debbio, Luigi and Forte, Stefano and Guffanti, Alberto and Latorre, Jose I. and Piccione, Andrea and Rojo, Juan and Ubiali, Maria",
    collaboration = "NNPDF",
    title = "{Precision determination of electroweak parameters and the strange content of the proton from neutrino deep-inelastic scattering}",
    eprint = "0906.1958",
    archivePrefix = "arXiv",
    primaryClass = "hep-ph",
    reportNumber = "EDINBURGH-2009-06, IFUM-941-FT, FREIBURG-PHENO-09-03",
    doi = "10.1016/j.nuclphysb.2009.08.003",
    journal = "Nucl. Phys. B",
    volume = "823",
    pages = "195--233",
    year = "2009"
}

@article{Ball:2018iqk,
    author = "Ball, Richard D. and Carrazza, Stefano and Del Debbio, Luigi and Forte, Stefano and Kassabov, Zahari and Rojo, Juan and Slade, Emma and Ubiali, Maria",
    collaboration = "NNPDF",
    title = "{Precision determination of the strong coupling constant within a global PDF analysis}",
    eprint = "1802.03398",
    archivePrefix = "arXiv",
    primaryClass = "hep-ph",
    reportNumber = "CAVENDISH-HEP-18-02, CERN-TH-2018-024, Edinburgh 2017/19, Nikhef/2017-046, OUTP-17-14P, DAMTP-2018-3, TIF-UNIMI-2018-1, EDINBURGH-2017-19, NIKHEF-2017-046",
    doi = "10.1140/epjc/s10052-018-5897-7",
    journal = "Eur. Phys. J. C",
    volume = "78",
    number = "5",
    pages = "408",
    year = "2018"
}

@article{Kretzer:1998ju,
    author = "Kretzer, S. and Schienbein, I.",
    title = "{Heavy quark initiated contributions to deep inelastic structure functions}",
    eprint = "hep-ph/9805233",
    archivePrefix = "arXiv",
    reportNumber = "DO-TH-98-05",
    doi = "10.1103/PhysRevD.58.094035",
    journal = "Phys. Rev. D",
    volume = "58",
    pages = "094035",
    year = "1998"
}

@article{Bertone:2016lga,
    author = "Bertone, Valerio and Carrazza, Stefano and Hartland, Nathan P.",
    title = "{APFELgrid: a high performance tool for parton density determinations}",
    eprint = "1605.02070",
    archivePrefix = "arXiv",
    primaryClass = "hep-ph",
    reportNumber = "CERN-TH-2016-103",
    doi = "10.1016/j.cpc.2016.10.006",
    journal = "Comput. Phys. Commun.",
    volume = "212",
    pages = "205--209",
    year = "2017"
}

@article{Forte:2010ta,
    author = "Forte, Stefano and Laenen, Eric and Nason, Paolo and Rojo, Juan",
    title = "{Heavy quarks in deep-inelastic scattering}",
    eprint = "1001.2312",
    archivePrefix = "arXiv",
    primaryClass = "hep-ph",
    reportNumber = "IFUM-949-FT, NIKHEF-2010-001, ITP-UU-10-03, ITFA-2010-01",
    doi = "10.1016/j.nuclphysb.2010.03.014",
    journal = "Nucl. Phys. B",
    volume = "834",
    pages = "116--162",
    year = "2010"
}

@article{Ball:2015dpa,
    author = "Ball, Richard D. and Bonvini, Marco and Rottoli, Luca",
    title = "{Charm in Deep-Inelastic Scattering}",
    eprint = "1510.02491",
    archivePrefix = "arXiv",
    primaryClass = "hep-ph",
    reportNumber = "EDINBURGH-2015-06, CERN-PH-TH-2015-118, OUTP-15-25P",
    doi = "10.1007/JHEP11(2015)122",
    journal = "JHEP",
    volume = "11",
    pages = "122",
    year = "2015"
}

@article{Ball:2015tna,
    author = "Ball, Richard D. and Bertone, Valerio and Bonvini, Marco and Forte, Stefano and Groth Merrild, Patrick and Rojo, Juan and Rottoli, Luca",
    title = "{Intrinsic charm in a matched general-mass scheme}",
    eprint = "1510.00009",
    archivePrefix = "arXiv",
    primaryClass = "hep-ph",
    reportNumber = "EDINBURGH-2015-06, TIF-UNIMI-2015-11, EDINBURGH-2015-14, CERN-PH-TH-2015-176, OUTP-15-20P",
    doi = "10.1016/j.physletb.2015.12.077",
    journal = "Phys. Lett. B",
    volume = "754",
    pages = "49--58",
    year = "2016"
}

@article{D0:2013xqc,
    author = "Abazov, Victor Mukhamedovich and others",
    collaboration = "D0",
    title = "{Measurement of the Muon Charge Asymmetry in $p\bar{p}$ $\to$ W+X $\to$ $\mu\nu$ + X Events at $\sqrt{s}$=1.96  TeV}",
    eprint = "1309.2591",
    archivePrefix = "arXiv",
    primaryClass = "hep-ex",
    reportNumber = "FERMILAB-PUB-13-361-E",
    doi = "10.1103/PhysRevD.88.091102",
    journal = "Phys. Rev. D",
    volume = "88",
    pages = "091102",
    year = "2013"
}

@article{ZEUS:2014wft,
    author = "Abramowicz, H. and others",
    collaboration = "ZEUS",
    title = "{Measurement of beauty and charm production in deep inelastic scattering at HERA and measurement of the beauty-quark mass}",
    eprint = "1405.6915",
    archivePrefix = "arXiv",
    primaryClass = "hep-ex",
    reportNumber = "DESY-14-083",
    doi = "10.1007/JHEP09(2014)127",
    journal = "JHEP",
    volume = "09",
    pages = "127",
    year = "2014"
}

@article{H1:2009uwa,
    author = "Aaron, F. D. and others",
    collaboration = "H1",
    title = "{Measurement of the Charm and Beauty Structure Functions using the H1 Vertex Detector at HERA}",
    eprint = "0907.2643",
    archivePrefix = "arXiv",
    primaryClass = "hep-ex",
    reportNumber = "DESY-09-096, DESY09-096",
    doi = "10.1140/epjc/s10052-009-1190-0",
    journal = "Eur. Phys. J. C",
    volume = "65",
    pages = "89--109",
    year = "2010"
}

@article{H1:2015ubc,
    author = "Abramowicz, H. and others",
    collaboration = "H1, ZEUS",
    title = "{Combination of measurements of inclusive deep inelastic ${e^{\pm }p}$ scattering cross sections and QCD analysis of HERA data}",
    eprint = "1506.06042",
    archivePrefix = "arXiv",
    primaryClass = "hep-ex",
    reportNumber = "DESY-15-039",
    doi = "10.1140/epjc/s10052-015-3710-4",
    journal = "Eur. Phys. J. C",
    volume = "75",
    number = "12",
    pages = "580",
    year = "2015"
}



@article{ATLAS:2021qnl,
    author = "Aad, Georges and others",
    collaboration = "ATLAS",
    title = "{Determination of the parton distribution functions of the proton from ATLAS measurements of differential $W^\pm$ and $Z$ boson production in association with jets}",
    eprint = "2101.05095",
    archivePrefix = "arXiv",
    primaryClass = "hep-ex",
    reportNumber = "CERN-EP-2020-237",
    doi = "10.1007/JHEP07(2021)223",
    journal = "JHEP",
    volume = "07",
    pages = "223",
    year = "2021"
}


@article{CMS:2021yzl,
    author = "Tumasyan, Armen and others",
    collaboration = "CMS",
    title = "{Measurement and QCD analysis of double-differential inclusive jet cross sections in proton-proton collisions at $\sqrt{s}$ = 13 TeV}",
    eprint = "2111.10431",
    archivePrefix = "arXiv",
    primaryClass = "hep-ex",
    reportNumber = "CMS-SMP-20-011, CERN-EP-2021-221",
    month = "11",
    year = "2021"
}

@article{Heinrich:2020ybq,
    author = "Heinrich, Gudrun",
    title = "{Collider Physics at the Precision Frontier}",
    eprint = "2009.00516",
    archivePrefix = "arXiv",
    primaryClass = "hep-ph",
    reportNumber = "KA-TP-13-2020, P3H-20-044",
    doi = "10.1016/j.physrep.2021.03.006",
    journal = "Phys. Rept.",
    volume = "922",
    pages = "1--69",
    year = "2021"
}


@article{Azzi:2019yne,
    author = "Azzi, P. and others",
    editor = "Dainese, Andrea and Mangano, Michelangelo and Meyer, Andreas B. and Nisati, Aleandro and Salam, Gavin and Vesterinen, Mika Anton",
    title = "{Report from Working Group 1}: {Standard Model Physics at the HL-LHC and HE-LHC}",
    eprint = "1902.04070",
    archivePrefix = "arXiv",
    primaryClass = "hep-ph",
    reportNumber = "CERN-LPCC-2018-03",
    doi = "10.23731/CYRM-2019-007.1",
    journal = "CERN Yellow Rep. Monogr.",
    volume = "7",
    pages = "1--220",
    year = "2019"
}

@article{Cepeda:2019klc,
    author = "Cepeda, M. and others",
    editor = "Dainese, Andrea and Mangano, Michelangelo and Meyer, Andreas B. and Nisati, Aleandro and Salam, Gavin and Vesterinen, Mika Anton",
    title = "{Report from Working Group 2}: {Higgs Physics at the HL-LHC and HE-LHC}",
    eprint = "1902.00134",
    archivePrefix = "arXiv",
    primaryClass = "hep-ph",
    reportNumber = "CERN-LPCC-2018-04",
    doi = "10.23731/CYRM-2019-007.221",
    journal = "CERN Yellow Rep. Monogr.",
    volume = "7",
    pages = "221--584",
    year = "2019"
}



@article{Campbell:2016lzl,
    author = "Campbell, John M. and Ellis, R. Keith and Williams, Ciaran",
    title = "{Direct Photon Production at Next-to\textendash{}Next-to-Leading Order}",
    eprint = "1612.04333",
    archivePrefix = "arXiv",
    primaryClass = "hep-ph",
    reportNumber = "IPPP-16-115, FERMILAB-PUB-16-585-T",
    doi = "10.1103/PhysRevLett.118.222001",
    journal = "Phys. Rev. Lett.",
    volume = "118",
    number = "22",
    pages = "222001",
    year = "2017",
    note = "[Erratum: Phys.Rev.Lett. 124, 259901 (2020)]"
}

@article{Currie:2016bfm,
    author = "Currie, J and Glover, E. W. N. and Pires, J",
    title = "{Next-to-Next-to Leading Order QCD Predictions for Single Jet Inclusive Production at the LHC}",
    eprint = "1611.01460",
    archivePrefix = "arXiv",
    primaryClass = "hep-ph",
    reportNumber = "IPPP-16-110, MPP-2016-322",
    doi = "10.1103/PhysRevLett.118.072002",
    journal = "Phys. Rev. Lett.",
    volume = "118",
    number = "7",
    pages = "072002",
    year = "2017"
}

@article{Currie:2017eqf,
    author = "Currie, James and Gehrmann-De Ridder, Aude and Gehrmann, Thomas and Glover, E. W. N. and Huss, Alexander and Pires, Joao",
    title = "{Precise predictions for dijet production at the LHC}",
    eprint = "1705.10271",
    archivePrefix = "arXiv",
    primaryClass = "hep-ph",
    reportNumber = "IPPP-17-45, ZU-TH-13-17, MPP-2017-107",
    doi = "10.1103/PhysRevLett.119.152001",
    journal = "Phys. Rev. Lett.",
    volume = "119",
    number = "15",
    pages = "152001",
    year = "2017"
}

@article{Czakon:2015owf,
    author = "Czakon, Michal and Heymes, David and Mitov, Alexander",
    title = "{High-precision differential predictions for top-quark pairs at the LHC}",
    eprint = "1511.00549",
    archivePrefix = "arXiv",
    primaryClass = "hep-ph",
    reportNumber = "CAVENDISH-HEP-15-10, TTK-15-34",
    doi = "10.1103/PhysRevLett.116.082003",
    journal = "Phys. Rev. Lett.",
    volume = "116",
    number = "8",
    pages = "082003",
    year = "2016"
}

@article{Chatrchyan:2014gia,
    author = "Chatrchyan, Serguei and others",
    collaboration = "CMS",
    title = "{Measurement of the Ratio of Inclusive Jet Cross Sections using the Anti-$k_T$ Algorithm with Radius Parameters R=0.5 and 0.7 in pp Collisions at $\sqrt{s}=7$  TeV}",
    eprint = "1406.0324",
    archivePrefix = "arXiv",
    primaryClass = "hep-ex",
    reportNumber = "CMS-SMP-13-002, CERN-PH-EP-2014-068",
    doi = "10.1103/PhysRevD.90.072006",
    journal = "Phys. Rev. D",
    volume = "90",
    number = "7",
    pages = "072006",
    year = "2014"
}


@article{Buckley:2014ana,
    author = {Buckley, Andy and Ferrando, James and Lloyd, Stephen and Nordstr\"om, Karl and Page, Ben and R\"ufenacht, Martin and Sch\"onherr, Marek and Watt, Graeme},
    title = "{LHAPDF6: parton density access in the LHC precision era}",
    eprint = "1412.7420",
    archivePrefix = "arXiv",
    primaryClass = "hep-ph",
    reportNumber = "GLAS-PPE-2014-05, MCNET-14-29, IPPP-14-111, DCPT-14-222",
    doi = "10.1140/epjc/s10052-015-3318-8",
    journal = "Eur. Phys. J. C",
    volume = "75",
    pages = "132",
    year = "2015"
}

@article{Harland-Lang:2017ytb,
    author = "Harland-Lang, L. A. and Martin, A. D. and Thorne, R. S.",
    title = "{The Impact of LHC Jet Data on the MMHT PDF Fit at NNLO}",
    eprint = "1711.05757",
    archivePrefix = "arXiv",
    primaryClass = "hep-ph",
    reportNumber = "IPPP-17-85",
    doi = "10.1140/epjc/s10052-018-5710-7",
    journal = "Eur. Phys. J. C",
    volume = "78",
    number = "3",
    pages = "248",
    year = "2018"
}

@article{greenwade93,
    author  = "George D. Greenwade",
    title   = "The {C}omprehensive {T}ex {A}rchive {N}etwork ({CTAN})",
    year    = "1993",
    journal = "TUGBoat",
    volume  = "14",
    number  = "3",
    pages   = "342--351"
}

@article{Faura:2020oom,
    author = "Faura, Ferran and Iranipour, Shayan and Nocera, Emanuele R. and Rojo, Juan and Ubiali, Maria",
    title = "{The Strangest Proton?}",
    eprint = "2009.00014",
    archivePrefix = "arXiv",
    primaryClass = "hep-ph",
    doi = "10.1140/epjc/s10052-020-08749-3",
    journal = "Eur. Phys. J. C",
    volume = "80",
    number = "12",
    pages = "1168",
    year = "2020"
}

@article{AbdulKhalek:2020jut,
    author = "Abdul Khalek, Rabah and others",
    title = "{Phenomenology of NNLO jet production at the LHC and its impact on parton distributions}",
    eprint = "2005.11327",
    archivePrefix = "arXiv",
    primaryClass = "hep-ph",
    reportNumber = "CERN-TH-2020-073, IPPP/20/17, Nikhef/2020-001, TIF-UNIMI-2020-3, ZU-TH 15/20, TIF-UNIMI-2020-3,
  ZU-TH 15/20",
    doi = "10.1140/epjc/s10052-020-8328-5",
    journal = "Eur. Phys. J. C",
    volume = "80",
    number = "8",
    pages = "797",
    year = "2020"
}

@article{Lin:2017snn,
    author = "Lin, Huey-Wen and others",
    title = "{Parton distributions and lattice QCD calculations: a community white paper}",
    eprint = "1711.07916",
    archivePrefix = "arXiv",
    primaryClass = "hep-ph",
    reportNumber = "DESY-17-185, IFJPAN-IV-2017-19, INT-PUB-17-042, JLAB-THY-17-2604, MSUHEP-17-017, OUTP-17-15P, SMU-HEP-17-08, NIKHEF-2017-047",
    doi = "10.1016/j.ppnp.2018.01.007",
    journal = "Prog. Part. Nucl. Phys.",
    volume = "100",
    pages = "107--160",
    year = "2018"
}

@article{Constantinou:2020hdm,
    author = "Constantinou, Martha and others",
    title = "{Parton distributions and lattice-QCD calculations: Toward 3D structure}",
    eprint = "2006.08636",
    archivePrefix = "arXiv",
    primaryClass = "hep-ph",
    reportNumber = "Nikhef 2020-018; MIT-CTP/5213; MSUHEP-20-012; IFJPAN-IV-2020-3;
  SMU-HEP-20-03, Nikhef 2020-018; MIT-CTP/5213; MSUHEP-20-012; IFJPAN-IV-2020-3; SMU-HEP-20-03, Nikhef 2020-018, MIT-CTP/5213, MSUHEP-20-012, IFJPAN-IV-2020-3, SMU-HEP-20-03, DESY-20-109",
    doi = "10.1016/j.ppnp.2021.103908",
    journal = "Prog. Part. Nucl. Phys.",
    volume = "121",
    pages = "103908",
    year = "2021"
}

@article{Kadir:2020yml,
    author = "Kadir, Musajan and Ablat, Alim and Dulat, Sayipjamal and Hou, Tie-Jiun and Sitiwaldi, Ibrahim",
    title = "{The impact of ATLAS and CMS single differential top-quark pair measurements at $\sqrt {s}$ = 8 TeV on CTEQ-TEA PDFs}",
    eprint = "2003.13740",
    archivePrefix = "arXiv",
    primaryClass = "hep-ph",
    doi = "10.1088/1674-1137/abce10",
    journal = "Chin. Phys. C",
    volume = "45",
    number = "2",
    pages = "023111",
    year = "2021"
}


@article{CMS276jets,
    author = "Khachatryan, Vardan and others",
    collaboration = "CMS",
    title = "{Measurement of the inclusive jet cross section in pp collisions at $\sqrt{s} = 2.76\,\text {TeV}$}",
    eprint = "1512.06212",
    archivePrefix = "arXiv",
    primaryClass = "hep-ex",
    reportNumber = "CMS-SMP-14-017, CERN-PH-EP-2015-299",
    doi = "10.1140/epjc/s10052-016-4083-z",
    journal = "Eur. Phys. J. C",
    volume = "76",
    number = "5",
    pages = "265",
    year = "2016"
}

@article{CMSttbar08_ytt,
    author = "Khachatryan, Vardan and others",
    collaboration = "CMS",
    title = "{Measurement of the differential cross section for top quark pair production in pp collisions at $\sqrt{s} = 8\,\text {TeV} $}",
    eprint = "1505.04480",
    archivePrefix = "arXiv",
    primaryClass = "hep-ex",
    reportNumber = "CMS-TOP-12-028, CERN-PH-EP-2015-117",
    doi = "10.1140/epjc/s10052-015-3709-x",
    journal = "Eur. Phys. J. C",
    volume = "75",
    number = "11",
    pages = "542",
    year = "2015"
}


@inproceedings{Amoroso:2020lgh,
    author = "Amoroso, S. and others",
    title = "{Les Houches 2019: Physics at TeV Colliders: Standard Model Working Group Report}",
    booktitle = "{11th Les Houches Workshop on Physics at TeV Colliders}: {PhysTeV Les Houches}",
    eprint = "2003.01700",
    archivePrefix = "arXiv",
    primaryClass = "hep-ph",
    month = "3",
    year = "2020"
}

@article{Carrazza:2019mzf,
    author = "Carrazza, Stefano and Cruz-Martinez, Juan",
    title = "{Towards a new generation of parton densities with deep learning models}",
    eprint = "1907.05075",
    archivePrefix = "arXiv",
    primaryClass = "hep-ph",
    reportNumber = "TIF-UNIMI-2019-11",
    doi = "10.1140/epjc/s10052-019-7197-2",
    journal = "Eur. Phys. J. C",
    volume = "79",
    number = "8",
    pages = "676",
    year = "2019"
}

@article{Hou:2019efy,
    author = "Hou, Tie-Jiun and others",
    title = "{New CTEQ global analysis of quantum chromodynamics with high-precision data from the LHC}",
    eprint = "1912.10053",
    archivePrefix = "arXiv",
    primaryClass = "hep-ph",
    reportNumber = "MSUHEP-19-025, PITT-PACC-1911, SMU-HEP-19-03",
    doi = "10.1103/PhysRevD.103.014013",
    journal = "Phys. Rev. D",
    volume = "103",
    number = "1",
    pages = "014013",
    year = "2021"
}

@article{Bailey:2019yze,
    author = "Bailey, Shaun and Harland-Lang, Lucian",
    title = "{Differential Top Quark Pair Production at the LHC: Challenges for PDF Fits}",
    eprint = "1909.10541",
    archivePrefix = "arXiv",
    primaryClass = "hep-ph",
    doi = "10.1140/epjc/s10052-020-7633-3",
    journal = "Eur. Phys. J. C",
    volume = "80",
    number = "1",
    pages = "60",
    year = "2020"
}

@article{Amat:2019upj,
    author = "Amat, Orkash and others",
    title = "{Impact of LHC top-quark pair measurements to CTEQ-TEA PDF analysis}",
    eprint = "1908.06441",
    archivePrefix = "arXiv",
    primaryClass = "hep-ph",
    reportNumber = "Cavendish-HEP-19/14, MSUHEP-19-018",
    month = "8",
    year = "2019"
}

@article{Hou:2019gfw,
    author = "Hou, Tie-Jiun and Yu, Zhite and Dulat, Sayipjamal and Schmidt, Carl and Yuan, C. -P.",
    title = "{Updating and optimizing error parton distribution function sets in the Hessian approach. II.}",
    eprint = "1907.12177",
    archivePrefix = "arXiv",
    primaryClass = "hep-ph",
    reportNumber = "MSUHEP-19-014",
    doi = "10.1103/PhysRevD.100.114024",
    journal = "Phys. Rev. D",
    volume = "100",
    number = "11",
    pages = "114024",
    year = "2019"
}

@article{Thorne:2019mpt,
    author = "Thorne, Robert S. and Bailey, Shaun and Cridge, T. and Harland-Lang, Lucian A. and Martin, A. D. and Nathvani, Ricky",
    title = "{Updates of PDFs using the MMHT framework}",
    eprint = "1907.08147",
    archivePrefix = "arXiv",
    primaryClass = "hep-ph",
    doi = "10.22323/1.352.0036",
    journal = "PoS",
    volume = "DIS2019",
    pages = "036",
    year = "2019"
}





@article{Thorne:2017aoa,
    author = "Thorne, R. S. and Harland-Lang, L. A. and Martin, A. D.",
    editor = "Klein, Uta",
    title = "{Inclusion of new LHC data in MMHT PDFs}",
    eprint = "1708.00047",
    archivePrefix = "arXiv",
    primaryClass = "hep-ph",
    doi = "10.22323/1.297.0202",
    journal = "PoS",
    volume = "DIS2017",
    pages = "202",
    year = "2018"
}

@article{Boughezal:2017nla,
    author = "Boughezal, Radja and Guffanti, Alberto and Petriello, Frank and Ubiali, Maria",
    title = "{The impact of the LHC Z-boson transverse momentum data on PDF determinations}",
    eprint = "1705.00343",
    archivePrefix = "arXiv",
    primaryClass = "hep-ph",
    reportNumber = "CAVENDISH-HEP-17-05",
    doi = "10.1007/JHEP07(2017)130",
    journal = "JHEP",
    volume = "07",
    pages = "130",
    year = "2017"
}

@article{ATLAS:2016nqi,
    author = "Aaboud, Morad and others",
    collaboration = "ATLAS",
    title = "{Precision measurement and interpretation of inclusive $W^+$ , $W^-$ and $Z/\gamma ^*$ production cross sections with the ATLAS detector}",
    eprint = "1612.03016",
    archivePrefix = "arXiv",
    primaryClass = "hep-ex",
    reportNumber = "CERN-EP-2016-272",
    doi = "10.1140/epjc/s10052-017-4911-9",
    journal = "Eur. Phys. J. C",
    volume = "77",
    number = "6",
    pages = "367",
    year = "2017"
}

@article{Czakon:2016olj,
    author = "Czakon, Micha\l{} and Hartland, Nathan P. and Mitov, Alexander and Nocera, Emanuele R. and Rojo, Juan",
    title = "{Pinning down the large-x gluon with NNLO top-quark pair differential distributions}",
    eprint = "1611.08609",
    archivePrefix = "arXiv",
    primaryClass = "hep-ph",
    reportNumber = "OUTP-16-15P, NIKHEF-2016-046, CAVENDISH-HEP-16-17, AACHEN-TTK-16-49",
    doi = "10.1007/JHEP04(2017)044",
    journal = "JHEP",
    volume = "04",
    pages = "044",
    year = "2017"
}

@article{Harland-Lang:2014zoa,
    author = "Harland-Lang, L. A. and Martin, A. D. and Motylinski, P. and Thorne, R. S.",
    title = "{Parton distributions in the LHC era: MMHT 2014 PDFs}",
    eprint = "1412.3989",
    archivePrefix = "arXiv",
    primaryClass = "hep-ph",
    reportNumber = "LCTS-2014-47, IPPP-14-97, DCPT-14-194",
    doi = "10.1140/epjc/s10052-015-3397-6",
    journal = "Eur. Phys. J. C",
    volume = "75",
    number = "5",
    pages = "204",
    year = "2015"
}



@article{Paukkunen:2014zia,
    author = "Paukkunen, Hannu and Zurita, Pia",
    title = "{PDF reweighting in the Hessian matrix approach}",
    eprint = "1402.6623",
    archivePrefix = "arXiv",
    primaryClass = "hep-ph",
    doi = "10.1007/JHEP12(2014)100",
    journal = "JHEP",
    volume = "12",
    pages = "100",
    year = "2014"
}

@article{Sato:2013ika,
    author = "Sato, Nobuo and Owens, J. F. and Prosper, Harrison",
    title = "{Bayesian Reweighting for Global Fits}",
    eprint = "1310.1089",
    archivePrefix = "arXiv",
    primaryClass = "hep-ph",
    doi = "10.1103/PhysRevD.89.114020",
    journal = "Phys. Rev. D",
    volume = "89",
    number = "11",
    pages = "114020",
    year = "2014"
}

@article{NNPDF:2021uiq,
    author = "Ball, Richard D. and others",
    collaboration = "NNPDF",
    title = "{An open-source machine learning framework for global analyses of parton distributions}",
    eprint = "2109.02671",
    archivePrefix = "arXiv",
    primaryClass = "hep-ph",
    reportNumber = "Edinburgh 2021/13, Nikhef-2021-020, TIF-UNIMI-2021-12",
    journal = "Eur. Phys. J. C",
    volume = "81",
    number = "10",
    pages = "958",
    year = "2021"
}

@article{Ball:2021leu,
    author = "Ball, Richard D. and others",
    title = "{The Path to Proton Structure at One-Percent Accuracy}",
    eprint = "2109.02653",
    archivePrefix = "arXiv",
    primaryClass = "hep-ph",
    reportNumber = "Edinburgh 2021/12, Nikhef-2021-013, TIF-UNIMI-2021-11",
    month = "9",
    year = "2021"
}

@article{Guzzi:2011ew,
    author = "Guzzi, Marco and Nadolsky, Pavel M. and Lai, Hung-Liang and Yuan, C. -P.",
    title = "{General-Mass Treatment for Deep Inelastic Scattering at Two-Loop Accuracy}",
    eprint = "1108.5112",
    archivePrefix = "arXiv",
    primaryClass = "hep-ph",
    reportNumber = "SMU-HEP-11-21",
    doi = "10.1103/PhysRevD.86.053005",
    journal = "Phys. Rev. D",
    volume = "86",
    pages = "053005",
    year = "2012"
}

@article{Ball:2011gg,
    author = "Ball, Richard D. and Bertone, Valerio and Cerutti, Francesco and Del Debbio, Luigi and Forte, Stefano and Guffanti, Alberto and Hartland, Nathan P. and Latorre, Jose I. and Rojo, Juan and Ubiali, Maria",
    title = "{Reweighting and Unweighting of Parton Distributions and the LHC W lepton asymmetry data}",
    eprint = "1108.1758",
    archivePrefix = "arXiv",
    primaryClass = "hep-ph",
    reportNumber = "EDINBURGH-2011-15, IFUM-981-FT, FR-PHENO-2011-013, RWTH-TTK-11-32",
    doi = "10.1016/j.nuclphysb.2011.10.018",
    journal = "Nucl. Phys. B",
    volume = "855",
    pages = "608--638",
    year = "2012"
}


@article{AbdulKhalek:2022fyi,
    author = "Abdul Khalek, Rabah and Gauld, Rhorry and Giani, Tommaso and Nocera, Emanuele R. and Rabemananjara, Tanjona R. and Rojo, Juan",
    title = "{nNNPDF3.0: evidence for a modified partonic structure in heavy nuclei}",
    eprint = "2201.12363",
    archivePrefix = "arXiv",
    primaryClass = "hep-ph",
    reportNumber = "Nikhef-2021-028, BONN-TH-2021-14",
    doi = "10.1140/epjc/s10052-022-10417-7",
    journal = "Eur. Phys. J. C",
    volume = "82",
    number = "6",
    pages = "507",
    year = "2022"
}

@article{Forte:2002fg,
    author = "Forte, Stefano and Garrido, Lluis and Latorre, Jose I. and Piccione, Andrea",
    title = "{Neural network parametrization of deep inelastic structure functions}",
    eprint = "hep-ph/0204232",
    archivePrefix = "arXiv",
    reportNumber = "GEF-TH-3-02, RM3-TH-02-01",
    doi = "10.1088/1126-6708/2002/05/062",
    journal = "JHEP",
    volume = "05",
    pages = "062",
    year = "2002"
}

@article{DelDebbio:2004xtd,
    author = "Del Debbio, Luigi and Forte, Stefano and Latorre, Jose I. and Piccione, Andrea and Rojo, Joan",
    collaboration = "NNPDF",
    title = "{Unbiased determination of the proton structure function F(2)**p with faithful uncertainty estimation}",
    eprint = "hep-ph/0501067",
    archivePrefix = "arXiv",
    reportNumber = "CERN-PH-TH-2004-254, IFUM-819-FT, UB-ECM-PF-04-18, GEF-TH-15-04, DFTT-30-04",
    doi = "10.1088/1126-6708/2005/03/080",
    journal = "JHEP",
    volume = "03",
    pages = "080",
    year = "2005"
}

@article{Ball:2010gb,
    author = "Ball, Richard D. and Bertone, Valerio and Cerutti, Francesco and Del Debbio, Luigi and Forte, Stefano and Guffanti, Alberto and Latorre, Jose I. and Rojo, Juan and Ubiali, Maria",
    collaboration = "NNPDF",
    title = "{Reweighting NNPDFs: the W lepton asymmetry}",
    eprint = "1012.0836",
    archivePrefix = "arXiv",
    primaryClass = "hep-ph",
    reportNumber = "EDINBURGH-2010-24, IFUM-968-FT, FR-PHENO-2010-040, RWTH-TTK-10-55",
    doi = "10.1016/j.nuclphysb.2011.03.017",
    journal = "Nucl. Phys. B",
    volume = "849",
    pages = "112--143",
    year = "2011",
    note = "[Erratum: Nucl.Phys.B 854, 926--927 (2012), Erratum: Nucl.Phys.B 855, 927--928 (2012)]"
}

@inproceedings{SM:2010nsa,
    author = "Binoth, T. and others",
    collaboration = "SM, NLO Multileg Working Group",
    title = "{The SM and NLO Multileg Working Group: Summary report}",
    booktitle = "{6th Les Houches Workshop on Physics at TeV Colliders}",
    eprint = "1003.1241",
    archivePrefix = "arXiv",
    primaryClass = "hep-ph",
    reportNumber = "SLAC-PUB-14871, FERMILAB-CONF-10-780-T",
    month = "3",
    year = "2010"
}

@article{NuTeV:2007uwm,
    author = "Mason, D. and others",
    collaboration = "NuTeV",
    title = "{Measurement of the Nucleon Strange-Antistrange Asymmetry at Next-to-Leading Order in QCD from NuTeV Dimuon Data}",
    reportNumber = "FERMILAB-PUB-07-734",
    doi = "10.1103/PhysRevLett.99.192001",
    journal = "Phys. Rev. Lett.",
    volume = "99",
    pages = "192001",
    year = "2007"
}

@phdthesis{Mason:2006qa,
    author = "Mason, David Alexander",
    title = "{Measurement of the strange - antistrange asymmetry at NLO in QCD from NuTeV dimuon data}",
    reportNumber = "FERMILAB-THESIS-2006-01, UMI-32-11223",
    doi = "10.2172/879078",
    school = "Oregon U.",
    year = "2006"
}

@article{Greljo:2021kvv,
    author = "Greljo, Admir and Iranipour, Shayan and Kassabov, Zahari and Madigan, Maeve and Moore, James and Rojo, Juan and Ubiali, Maria and Voisey, Cameron",
    title = "{Parton distributions in the SMEFT from high-energy Drell-Yan tails}",
    eprint = "2104.02723",
    archivePrefix = "arXiv",
    primaryClass = "hep-ph",
    reportNumber = "Cavendish-HEP-21/06, Nikhef-2020-040",
    doi = "10.1007/JHEP07(2021)122",
    journal = "JHEP",
    volume = "07",
    pages = "122",
    year = "2021"
}


@article{Carrazza:2019sec,
    author = "Carrazza, Stefano and Degrande, Celine and Iranipour, Shayan and Rojo, Juan and Ubiali, Maria",
    title = "{Can New Physics hide inside the proton?}",
    eprint = "1905.05215",
    archivePrefix = "arXiv",
    primaryClass = "hep-ph",
    reportNumber = "Nikhef 2019-009, DAMTP-2019-19, CP3-19-25, TIF-UNIMI-2019-5",
    doi = "10.1103/PhysRevLett.123.132001",
    journal = "Phys. Rev. Lett.",
    volume = "123",
    number = "13",
    pages = "132001",
    year = "2019"
}

@article{Stump:2001gu,
    author = "Stump, D. and Pumplin, J. and Brock, R. and Casey, D. and Huston, J. and Kalk, J. and Lai, H. L. and Tung, W. K.",
    title = "{Uncertainties of predictions from parton distribution functions. 1. The Lagrange multiplier method}",
    eprint = "hep-ph/0101051",
    archivePrefix = "arXiv",
    reportNumber = "MSU-HEP-07102, CERN-TH-2000-359",
    doi = "10.1103/PhysRevD.65.014012",
    journal = "Phys. Rev. D",
    volume = "65",
    pages = "014012",
    year = "2001"
}

@article{Giele:1998gw,
    author = "Giele, Walter T. and Keller, Stephane",
    title = "{Implications of hadron collider observables on parton distribution function uncertainties}",
    eprint = "hep-ph/9803393",
    archivePrefix = "arXiv",
    reportNumber = "FERMILAB-PUB-98-082-T",
    doi = "10.1103/PhysRevD.58.094023",
    journal = "Phys. Rev. D",
    volume = "58",
    pages = "094023",
    year = "1998"
}

@article{IceCube:2013low,
    author = "Aartsen, M. G. and others",
    collaboration = "IceCube",
    title = "{Evidence for High-Energy Extraterrestrial Neutrinos at the IceCube Detector}",
    eprint = "1311.5238",
    archivePrefix = "arXiv",
    primaryClass = "astro-ph.HE",
    doi = "10.1126/science.1242856",
    journal = "Science",
    volume = "342",
    pages = "1242856",
    year = "2013"
}

@article{Balantekin:2022jrq,
    author = "Balantekin, A. B. and others",
    title = "{Snowmass Neutrino Frontier: Neutrino Interaction Cross Sections (NF06) Topical Group Report}",
    eprint = "2209.06872",
    archivePrefix = "arXiv",
    primaryClass = "hep-ex",
    reportNumber = "FERMILAB-CONF-22-696-ND-SCD",
    month = "9",
    year = "2022"
}

@article{KM3Net:2016zxf,
    author = "Adrian-Martinez, S. and others",
    collaboration = "KM3Net",
    title = "{Letter of intent for KM3NeT 2.0}",
    eprint = "1601.07459",
    archivePrefix = "arXiv",
    primaryClass = "astro-ph.IM",
    doi = "10.1088/0954-3899/43/8/084001",
    journal = "J. Phys. G",
    volume = "43",
    number = "8",
    pages = "084001",
    year = "2016"
}

@article{Bolton:1997pq,
    author = "Bolton, Tim",
    title = "{Determining the CKM parameter V(cd) from neutrino N charm production}",
    eprint = "hep-ex/9708014",
    archivePrefix = "arXiv",
    reportNumber = "KSU-HEP-97-04",
    month = "8",
    year = "1997"
}

@article{Bailey:2020ooq,
    author = "Bailey, S. and Cridge, T. and Harland-Lang, L. A. and Martin, A. D. and Thorne, R. S.",
    title = "{Parton distributions from LHC, HERA, Tevatron and fixed target data: MSHT20 PDFs}",
    eprint = "2012.04684",
    archivePrefix = "arXiv",
    primaryClass = "hep-ph",
    reportNumber = "IPPP/20/58",
    doi = "10.1140/epjc/s10052-021-09057-0",
    journal = "Eur. Phys. J. C",
    volume = "81",
    number = "4",
    pages = "341",
    year = "2021"
}

@article{LHCHiggsCrossSectionWorkingGroup:2016ypw,
    author = "de Florian, D. and others",
    collaboration = "LHC Higgs Cross Section Working Group",
    title = "{Handbook of LHC Higgs Cross Sections: 4. Deciphering the Nature of the Higgs Sector}",
    eprint = "1610.07922",
    archivePrefix = "arXiv",
    primaryClass = "hep-ph",
    reportNumber = "CERN-2017-002-M, CERN-2017-002",
    doi = "10.23731/CYRM-2017-002",
    volume = "2/2017",
    month = "10",
    year = "2016"
}

%BCDMS F2p F2d
@article{Benvenuti:1989fm,
      author         = "Benvenuti, A. C. and others",
      title          = "{A High Statistics Measurement of the Deuteron Structure
                        Functions F2 (X, $Q^2$) and R From Deep Inelastic Muon
                        Scattering at High $Q^2$}",
      collaboration  = "BCDMS",
      journal        = "Phys. Lett.",
      volume         = "B237",
      year           = "1990",
      pages          = "592-598",
      doi            = "10.1016/0370-2693(90)91231-Y",
      reportNumber   = "CERN-EP-89-170, JINR-E1-90-284",
      SLACcitation   = "%%CITATION = PHLTA,B237,592;%%"
}
%BCDMS F2p F2d
@article{Benvenuti:1989rh,
      author         = "Benvenuti, A. C. and others",
      title          = "{A High Statistics Measurement of the Proton Structure
                        Functions F(2) (x, Q**2) and R from Deep Inelastic Muon
                        Scattering at High Q**2}",
      collaboration  = "BCDMS",
      journal        = "Phys. Lett.",
      volume         = "B223",
      year           = "1989",
      pages          = "485-489",
      doi            = "10.1016/0370-2693(89)91637-7",
      reportNumber   = "CERN-EP-89-06, JINR-E1-89-540",
      SLACcitation   = "%%CITATION = PHLTA,B223,485;%%"
}

%ATLAS WZ 7 TeV
@article{Aad:2011dm,
      author         = "Aad, Georges and others",
      title          = "{Measurement of the inclusive $W^\pm$ and Z/gamma cross
                        sections in the electron and muon decay channels in $pp$
                        collisions at $\sqrt{s}=7$ TeV with the ATLAS detector}",
      collaboration  = "ATLAS",
      journal        = "Phys. Rev.",
      volume         = "D85",
      year           = "2012",
      pages          = "072004",
      doi            = "10.1103/PhysRevD.85.072004",
      eprint         = "1109.5141",
      archivePrefix  = "arXiv",
      primaryClass   = "hep-ex",
      reportNumber   = "CERN-PH-EP-2011-143",
      SLACcitation   = "%%CITATION = ARXIV:1109.5141;%%"
}

%ATL8DY high-mass sample
@article{Aad:2016zzw,
      author         = "Aad, Georges and others",
      title          = "{Measurement of the double-differential high-mass
                        Drell-Yan cross section in pp collisions at $ \sqrt{s}=8 $
                        TeV with the ATLAS detector}",
      collaboration  = "ATLAS",
      journal        = "JHEP",
      volume         = "08",
      year           = "2016",
      pages          = "009",
      doi            = "10.1007/JHEP08(2016)009",
      eprint         = "1606.01736",
      archivePrefix  = "arXiv",
      primaryClass   = "hep-ex",
      reportNumber   = "CERN-EP-2016-079",
      SLACcitation   = "%%CITATION = ARXIV:1606.01736;%%"
}

%E605 DY fixed target
@article{Moreno:1990sf,
      author         = "Moreno, G. and others",
      title          = "{Dimuon production in proton - copper collisions at
                        $\sqrt{s}$ = 38.8-GeV}",
      journal        = "Phys. Rev.",
      volume         = "D43",
      year           = "1991",
      pages          = "2815-2836",
      doi            = "10.1103/PhysRevD.43.2815",
      reportNumber   = "FERMILAB-PUB-90-223-E",
      SLACcitation   = "%%CITATION = PHRVA,D43,2815;%%"
}

%CC DIS CCFR
@article{Yang:2000ju,
      author         = "Yang, Un-Ki and others",
      title          = "{Measurements of $F_2$ and $xF^{\nu}_3 - x
                        F^{\bar{\nu}}_3$ from CCFR $\nu_\mu-$Fe and
                        $\bar{\nu}_\mu-$Fe data in a physics model independent
                        way}",
      collaboration  = "CCFR/NuTeV",
      journal        = "Phys. Rev. Lett.",
      volume         = "86",
      year           = "2001",
      pages          = "2742-2745",
      doi            = "10.1103/PhysRevLett.86.2742",
      eprint         = "hep-ex/0009041",
      archivePrefix  = "arXiv",
      primaryClass   = "hep-ex",
      reportNumber   = "FERMILAB-PUB-00-383-E, UR-1586",
      SLACcitation   = "%%CITATION = HEP-EX/0009041;%%"
}

% Combined HERA charm production
@article{Abramowicz:1900rp,
      author         = "Abramowicz, H. and others",
      title          = "{Combination and QCD Analysis of Charm Production Cross
                        Section Measurements in Deep-Inelastic ep Scattering at
                        HERA}",
      collaboration  = "ZEUS, H1",
      journal        = "Eur. Phys. J.",
      volume         = "C73",
      year           = "2013",
      number         = "2",
      pages          = "2311",
      doi            = "10.1140/epjc/s10052-013-2311-3",
      eprint         = "1211.1182",
      archivePrefix  = "arXiv",
      primaryClass   = "hep-ex",
      reportNumber   = "DESY-12-172",
      SLACcitation   = "%%CITATION = ARXIV:1211.1182;%%"
}

%CDHSW
@article{Berge:1989hr,
      author         = "Berge, J. P. and others",
      title          = "{A Measurement of Differential Cross-Sections and Nucleon
                        Structure Functions in Charged Current Neutrino
                        Interactions on Iron}",
      journal        = "Z. Phys.",
      volume         = "C49",
      year           = "1991",
      pages          = "187-224",
      doi            = "10.1007/BF01555493",
      reportNumber   = "CERN-EP-89-103",
      SLACcitation   = "%%CITATION = ZEPYA,C49,187;%%"
}

%Old Jet data ATLAS
@article{Aad:2011fc,
      author         = "Aad, Georges and others",
      title          = "{Measurement of inclusive jet and dijet production in
                        $pp$ collisions at $\sqrt{s}=7$ TeV using the ATLAS
                        detector}",
      collaboration  = "ATLAS",
      journal        = "Phys. Rev.",
      volume         = "D86",
      year           = "2012",
      pages          = "014022",
      doi            = "10.1103/PhysRevD.86.014022",
      eprint         = "1112.6297",
      archivePrefix  = "arXiv",
      primaryClass   = "hep-ex",
      reportNumber   = "CERN-PH-EP-2011-192",
      SLACcitation   = "%%CITATION = ARXIV:1112.6297;%%"
}
%Old CMS jet data
@article{Chatrchyan:2012bja,
      author         = "Chatrchyan, Serguei and others",
      title          = "{Measurements of differential jet cross sections in
                        proton-proton collisions at $\sqrt{s}=7$ TeV with the CMS
                        detector}",
      collaboration  = "CMS",
      journal        = "Phys. Rev.",
      volume         = "D87",
      year           = "2013",
      number         = "11",
      pages          = "112002",
      doi            = "10.1103/PhysRevD.87.112002, 10.1103/PhysRevD.87.119902",
      note           = "[Erratum: Phys. Rev.D87,no.11,119902(2013)]",
      eprint         = "1212.6660",
      archivePrefix  = "arXiv",
      primaryClass   = "hep-ex",
      reportNumber   = "CMS-QCD-11-004, CERN-PH-EP-2012-343",
      SLACcitation   = "%%CITATION = ARXIV:1212.6660;%%"
}

@article{Aad:2014xaa,
      author         = "Aad, Georges and others",
      title          = "{Measurement of the $Z/\gamma^*$ boson transverse
                        momentum distribution in $pp$ collisions at $\sqrt{s}$ = 7
                        TeV with the ATLAS detector}",
      collaboration  = "ATLAS",
      journal        = "JHEP",
      volume         = "09",
      year           = "2014",
      pages          = "145",
      doi            = "10.1007/JHEP09(2014)145",
      eprint         = "1406.3660",
      archivePrefix  = "arXiv",
      primaryClass   = "hep-ex",
      reportNumber   = "CERN-PH-EP-2014-075",
      SLACcitation   = "%%CITATION = ARXIV:1406.3660;%%"
}

@article{Khachatryan:2015oaa,
      author         = "Khachatryan, Vardan and others",
      title          = "{Measurement of the Z boson differential cross section in
                        transverse momentum and rapidity in proton–proton
                        collisions at 8 TeV}",
      collaboration  = "CMS",
      journal        = "Phys. Lett.",
      volume         = "B749",
      year           = "2015",
      pages          = "187-209",
      doi            = "10.1016/j.physletb.2015.07.065",
      eprint         = "1504.03511",
      archivePrefix  = "arXiv",
      primaryClass   = "hep-ex",
      reportNumber   = "CMS-SMP-13-013, CERN-PH-EP-2015-059",
      SLACcitation   = "%%CITATION = ARXIV:1504.03511;%%"
}

@article{Khachatryan:2016nbe,
      author         = "Khachatryan, Vardan and others",
      title          = "{Measurement of the transverse momentum spectra of weak
                        vector bosons produced in proton-proton collisions at $
                        \sqrt{s}=8 $ TeV}",
      collaboration  = "CMS",
      journal        = "JHEP",
      volume         = "02",
      year           = "2017",
      pages          = "096",
      doi            = "10.1007/JHEP02(2017)096",
      eprint         = "1606.05864",
      archivePrefix  = "arXiv",
      primaryClass   = "hep-ex",
      reportNumber   = "CMS-SMP-14-012, CERN-EP-2016-152",
      SLACcitation   = "%%CITATION = ARXIV:1606.05864;%%"
}

@article{Amaudruz:1991at,
      author         = "Amaudruz, P. and others",
      title          = "{The Gottfried sum from the ratio F2(n) / F2(p)}",
      collaboration  = "New Muon",
      journal        = "Phys. Rev. Lett.",
      volume         = "66",
      year           = "1991",
      pages          = "2712-2715",
      doi            = "10.1103/PhysRevLett.66.2712",
      reportNumber   = "CERN-PPE-91-05",
      SLACcitation   = "%%CITATION = PRLTA,66,2712;%%"
}

@article{Arneodo:1994sh,
      author         = "Arneodo, M. and others",
      title          = "{A Reevaluation of the Gottfried sum}",
      collaboration  = "New Muon",
      journal        = "Phys. Rev.",
      volume         = "D50",
      year           = "1994",
      pages          = "R1-R3",
      doi            = "10.1103/PhysRevD.50.R1",
      reportNumber   = "CERN-PPE-94-32, CERN-PPE-94-032, CERN-PPE-93-117",
      SLACcitation   = "%%CITATION = PHRVA,D50,R1;%%"
}

@article{Aaij:2015gna,
      author         = "Aaij, Roel and others",
      title          = "{Measurement of the forward $Z$ boson production
                        cross-section in $pp$ collisions at $\sqrt{s}=7$ TeV}",
      collaboration  = "LHCb",
      journal        = "JHEP",
      volume         = "08",
      year           = "2015",
      pages          = "039",
      doi            = "10.1007/JHEP08(2015)039",
      eprint         = "1505.07024",
      archivePrefix  = "arXiv",
      primaryClass   = "hep-ex",
      reportNumber   = "LHCB-PAPER-2015-001, CERN-PH-EP-2015-102",
      SLACcitation   = "%%CITATION = ARXIV:1505.07024;%%"
}

@article{Aaij:2015vua,
      author         = "Aaij, Roel and others",
      title          = "{Measurement of forward $\rm Z\rightarrow e^+e^-$
                        production at $\sqrt{s}=8$ TeV}",
      collaboration  = "LHCb",
      journal        = "JHEP",
      volume         = "05",
      year           = "2015",
      pages          = "109",
      doi            = "10.1007/JHEP05(2015)109",
      eprint         = "1503.00963",
      archivePrefix  = "arXiv",
      primaryClass   = "hep-ex",
      reportNumber   = "CERN-PH-EP-2015-045, LHCB-PAPER-2015-003,
                        CERN-PH-EP-2015-045-LHCB-PAPER-2015-003",
      SLACcitation   = "%%CITATION = ARXIV:1503.00963;%%"
}

@article{Aaboud:2016btc,
      author         = "Aaboud, Morad and others",
      title          = "{Precision measurement and interpretation of inclusive
                        $W^+$ , $W^-$ and $Z/\gamma ^*$ production cross sections
                        with the ATLAS detector}",
      collaboration  = "ATLAS",
      journal        = "Eur. Phys. J.",
      volume         = "C77",
      year           = "2017",
      number         = "6",
      pages          = "367",
      doi            = "10.1140/epjc/s10052-017-4911-9",
      eprint         = "1612.03016",
      archivePrefix  = "arXiv",
      primaryClass   = "hep-ex",
      reportNumber   = "CERN-EP-2016-272",
      SLACcitation   = "%%CITATION = ARXIV:1612.03016;%%"
}

@article{Khachatryan:2016pev,
      author         = "Khachatryan, Vardan and others",
      title          = "{Measurement of the differential cross section and charge
                        asymmetry for inclusive $\mathrm {p}\mathrm {p}\rightarrow
                        \mathrm {W}^{\pm }+X$ production at ${\sqrt{s}} = 8$ TeV}",
      collaboration  = "CMS",
      journal        = "Eur. Phys. J.",
      volume         = "C76",
      year           = "2016",
      number         = "8",
      pages          = "469",
      doi            = "10.1140/epjc/s10052-016-4293-4",
      eprint         = "1603.01803",
      archivePrefix  = "arXiv",
      primaryClass   = "hep-ex",
      reportNumber   = "CMS-SMP-14-022, CERN-EP-2016-043",
      SLACcitation   = "%%CITATION = ARXIV:1603.01803;%%"
}

@article{Aaij:2015zlq,
      author         = "Aaij, Roel and others",
      title          = "{Measurement of forward W and Z boson production in $pp$
                        collisions at $ \sqrt{s}=8 $ TeV}",
      collaboration  = "LHCb",
      journal        = "JHEP",
      volume         = "01",
      year           = "2016",
      pages          = "155",
      doi            = "10.1007/JHEP01(2016)155",
      eprint         = "1511.08039",
      archivePrefix  = "arXiv",
      primaryClass   = "hep-ex",
      reportNumber   = "LHCB-PAPER-2015-049, CERN-PH-EP-2015-301",
      SLACcitation   = "%%CITATION = ARXIV:1511.08039;%%"
}

@article{Aad:2015auj,
      author         = "Aad, Georges and others",
      title          = "{Measurement of the transverse momentum and $\phi
                        ^*_{\eta }$ distributions of Drell–Yan lepton pairs in
                        proton–proton collisions at $\sqrt{s}=8$  TeV with the
                        ATLAS detector}",
      collaboration  = "ATLAS",
      journal        = "Eur. Phys. J.",
      volume         = "C76",
      year           = "2016",
      number         = "5",
      pages          = "291",
      doi            = "10.1140/epjc/s10052-016-4070-4",
      eprint         = "1512.02192",
      archivePrefix  = "arXiv",
      primaryClass   = "hep-ex",
      reportNumber   = "CERN-PH-EP-2015-275",
      SLACcitation   = "%%CITATION = ARXIV:1512.02192;%%"
}



@article{Aaboud:2017dvo,
      author         = "Aaboud, Morad and others",
      title          = "{Measurement of the inclusive jet cross-sections in
                        proton-proton collisions at $ \sqrt{s}=8 $ TeV with the
                        ATLAS detector}",
      collaboration  = "ATLAS",
      journal        = "JHEP",
      volume         = "09",
      year           = "2017",
      pages          = "020",
      doi            = "10.1007/JHEP09(2017)020",
      eprint         = "1706.03192",
      archivePrefix  = "arXiv",
      primaryClass   = "hep-ex",
      reportNumber   = "CERN-EP-2017-043",
      SLACcitation   = "%%CITATION = ARXIV:1706.03192;%%"
}


@article{Khachatryan:2016mlc,
      author         = "Khachatryan, Vardan and others",
      title          = "{Measurement and QCD analysis of double-differential
                        inclusive jet cross sections in pp collisions at $
                        \sqrt{s}=8 $ TeV and cross section ratios to 2.76 and 7
                        TeV}",
      collaboration  = "CMS",
      journal        = "JHEP",
      volume         = "03",
      year           = "2017",
      pages          = "156",
      doi            = "10.1007/JHEP03(2017)156",
      eprint         = "1609.05331",
      archivePrefix  = "arXiv",
      primaryClass   = "hep-ex",
      reportNumber   = "CMS-SMP-14-001, CERN-EP-2016-196",
      SLACcitation   = "%%CITATION = ARXIV:1609.05331;%%"
}


@article{Aad:2015mbv,
      author         = "Aad, Georges and others",
      title          = "{Measurements of top-quark pair differential
                        cross-sections in the lepton+jets channel in $pp$
                        collisions at $\sqrt{s}=8$ TeV using the ATLAS detector}",
      collaboration  = "ATLAS",
      journal        = "Eur. Phys. J.",
      volume         = "C76",
      year           = "2016",
      number         = "10",
      pages          = "538",
      doi            = "10.1140/epjc/s10052-016-4366-4",
      eprint         = "1511.04716",
      archivePrefix  = "arXiv",
      primaryClass   = "hep-ex",
      reportNumber   = "CERN-PH-EP-2015-239",
      SLACcitation   = "%%CITATION = ARXIV:1511.04716;%%"
}

@article{Sirunyan:2017azo,
      author         = "Sirunyan, Albert M and others",
      title          = "{Measurement of double-differential cross sections for
                        top quark pair production in pp collisions at $\sqrt{s} =
                        8$ $\,\text {TeV}$ and impact on parton distribution
                        functions}",
      collaboration  = "CMS",
      journal        = "Eur. Phys. J.",
      volume         = "C77",
      year           = "2017",
      number         = "7",
      pages          = "459",
      doi            = "10.1140/epjc/s10052-017-4984-5",
      eprint         = "1703.01630",
      archivePrefix  = "arXiv",
      primaryClass   = "hep-ex",
      reportNumber   = "CMS-TOP-14-013, CERN-EP-2017-030",
      SLACcitation   = "%%CITATION = ARXIV:1703.01630;%%"
}


@article{Goncharov:2001qe,
      author         = "Goncharov, M. and others",
      title          = "{Precise Measurement of Dimuon Production Cross-Sections
                        in $\nu_{\mu}$ Fe and $\bar{\nu}_{\mu}$ Fe Deep Inelastic
                        Scattering at the Tevatron.}",
      collaboration  = "NuTeV",
      journal        = "Phys. Rev.",
      volume         = "D64",
      year           = "2001",
      pages          = "112006",
      doi            = "10.1103/PhysRevD.64.112006",
      eprint         = "hep-ex/0102049",
      archivePrefix  = "arXiv",
      primaryClass   = "hep-ex",
      reportNumber   = "FERMILAB-PUB-01-034-E",
      SLACcitation   = "%%CITATION = HEP-EX/0102049;%%"
}

@article{Seligman:1997mc,
      author         = "Seligman, W. G. and others",
      title          = "{Improved determination of alpha(s) from neutrino nucleon
                        scattering}",
      journal        = "Phys. Rev. Lett.",
      volume         = "79",
      year           = "1997",
      pages          = "1213-1216",
      doi            = "10.1103/PhysRevLett.79.1213",
      eprint         = "hep-ex/9701017",
      archivePrefix  = "arXiv",
      primaryClass   = "hep-ex",
      reportNumber   = "NEVIS-REPORT-292",
      SLACcitation   = "%%CITATION = HEP-EX/9701017;%%"
}

@article{Abe:1996us,
      author         = "Abe, F. and others",
      title          = "{Forward-backward charge asymmetry of electron pairs
                        above the $Z^0$ pole}",
      collaboration  = "CDF",
      journal        = "Phys. Rev. Lett.",
      volume         = "77",
      year           = "1996",
      pages          = "2616-2621",
      doi            = "10.1103/PhysRevLett.77.2616",
      reportNumber   = "FERMILAB-PUB-96-071-E, CDF-PUB-ELECTROWEAK-CDFR-3493",
      SLACcitation   = "%%CITATION = PRLTA,77,2616;%%"
}


@article{Acosta:2005ud,
      author         = "Acosta, D. and others",
      title          = "{Measurement of the forward-backward charge asymmetry
                        from $W \to e \nu$ production in $p\bar{p}$ collisions at
                        $\sqrt{s} = 1.96$ TeV}",
      collaboration  = "CDF",
      journal        = "Phys. Rev.",
      volume         = "D71",
      year           = "2005",
      pages          = "051104",
      doi            = "10.1103/PhysRevD.71.051104",
      eprint         = "hep-ex/0501023",
      archivePrefix  = "arXiv",
      primaryClass   = "hep-ex",
      reportNumber   = "FERMILAB-PUB-05-005-E",
      SLACcitation   = "%%CITATION = HEP-EX/0501023;%%"
}

@article{Aktas:2004az,
      author         = "Aktas, A. and others",
      title          = "{Measurement of F2($c \bar{c}$) and F2($b \bar{b}$) at
                        high $Q^{2}$ using the H1 vertex detector at HERA}",
      collaboration  = "H1",
      journal        = "Eur. Phys. J.",
      volume         = "C40",
      year           = "2005",
      pages          = "349-359",
      doi            = "10.1140/epjc/s2005-02154-8",
      eprint         = "hep-ex/0411046",
      archivePrefix  = "arXiv",
      primaryClass   = "hep-ex",
      reportNumber   = "DESY-04-209",
      SLACcitation   = "%%CITATION = HEP-EX/0411046;%%"
}


@article{Towell:2001nh,
      author         = "Towell, R. S. and others",
      title          = "{Improved measurement of the anti-d / anti-u asymmetry in
                        the nucleon sea}",
      collaboration  = "NuSea",
      journal        = "Phys. Rev.",
      volume         = "D64",
      year           = "2001",
      pages          = "052002",
      doi            = "10.1103/PhysRevD.64.052002",
      eprint         = "hep-ex/0103030",
      archivePrefix  = "arXiv",
      primaryClass   = "hep-ex",
      reportNumber   = "FERMILAB-PUB-01-487-E",
      SLACcitation   = "%%CITATION = HEP-EX/0103030;%%"
}


@article{Abazov:2007pm,
      author         = "Abazov, V. M. and others",
      title          = "{Measurement of the muon charge asymmetry from $W$ boson
                        decays}",
      collaboration  = "D0",
      journal        = "Phys. Rev.",
      volume         = "D77",
      year           = "2008",
      pages          = "011106",
      doi            = "10.1103/PhysRevD.77.011106",
      eprint         = "0709.4254",
      archivePrefix  = "arXiv",
      primaryClass   = "hep-ex",
      reportNumber   = "FERMILAB-PUB-07-493-E",
      SLACcitation   = "%%CITATION = ARXIV:0709.4254;%%"
}

@article{Abazov:2006gs,
      author         = "Abazov, V. M. and others",
      title          = "{Measurement of the ratios of the Z/gamma* + >= n jet
                        production cross sections to the total inclusive Z/gamma*
                        cross section in p anti-p collisions at s**(1/2) =
                        1.96-TeV}",
      collaboration  = "D0",
      journal        = "Phys. Lett.",
      volume         = "B658",
      year           = "2008",
      pages          = "112-119",
      doi            = "10.1016/j.physletb.2007.10.046",
      eprint         = "hep-ex/0608052",
      archivePrefix  = "arXiv",
      primaryClass   = "hep-ex",
      reportNumber   = "FERMILAB-PUB-06-283-E",
      SLACcitation   = "%%CITATION = HEP-EX/0608052;%%"
}


@article{Aaltonen:2010zza,
      author         = "Aaltonen, Timo Antero and others",
      title          = "{Measurement of $d\sigma/dy$ of Drell-Yan $e^+e^-$ pairs
                        in the $Z$ Mass Region from $p\bar{p}$ Collisions at
                        $\sqrt{s}=1.96$ TeV}",
      collaboration  = "CDF",
      journal        = "Phys. Lett.",
      volume         = "B692",
      year           = "2010",
      pages          = "232-239",
      doi            = "10.1016/j.physletb.2010.06.043",
      eprint         = "0908.3914",
      archivePrefix  = "arXiv",
      primaryClass   = "hep-ex",
      reportNumber   = "FERMILAB-PUB-10-057-E",
      SLACcitation   = "%%CITATION = ARXIV:0908.3914;%%"
}


@article{Chatrchyan:2013mza,
      author         = "Chatrchyan, Serguei and others",
      title          = "{Measurement of the muon charge asymmetry in inclusive
                        $pp \to W+X$ production at $\sqrt s =$ 7 TeV and an
                        improved determination of light parton distribution
                        functions}",
      collaboration  = "CMS",
      journal        = "Phys. Rev.",
      volume         = "D90",
      year           = "2014",
      number         = "3",
      pages          = "032004",
      doi            = "10.1103/PhysRevD.90.032004",
      eprint         = "1312.6283",
      archivePrefix  = "arXiv",
      primaryClass   = "hep-ex",
      reportNumber   = "CMS-SMP-12-021, CERN-PH-EP-2013-232",
      SLACcitation   = "%%CITATION = ARXIV:1312.6283;%%"
}


@article{Chatrchyan:2012xt,
      author         = "Chatrchyan, Serguei and others",
      title          = "{Measurement of the electron charge asymmetry in
                        inclusive $W$ production in $pp$ collisions at
                        $\sqrt{s}=7$ TeV}",
      collaboration  = "CMS",
      journal        = "Phys. Rev. Lett.",
      volume         = "109",
      year           = "2012",
      pages          = "111806",
      doi            = "10.1103/PhysRevLett.109.111806",
      eprint         = "1206.2598",
      archivePrefix  = "arXiv",
      primaryClass   = "hep-ex",
      reportNumber   = "CMS-SMP-12-001, CERN-PH-EP-2012-151",
      SLACcitation   = "%%CITATION = ARXIV:1206.2598;%%"
}

@article{D0:2014kma,
      author         = "Abazov, Victor Mukhamedovich and others",
      title          = "{Measurement of the electron charge asymmetry in
                        $\boldsymbol{p\bar{p}\rightarrow W+X \rightarrow e\nu +X}$
                        decays in $\boldsymbol{p\bar{p}}$ collisions at
                        $\boldsymbol{\sqrt{s}=1.96}$ TeV}",
      collaboration  = "D0",
      journal        = "Phys. Rev.",
      volume         = "D91",
      year           = "2015",
      number         = "3",
      pages          = "032007",
      doi            = "10.1103/PhysRevD.91.032007, 10.1103/PhysRevD.91.079901",
      note           = "[Erratum: Phys. Rev.D91,no.7,079901(2015)]",
      eprint         = "1412.2862",
      archivePrefix  = "arXiv",
      primaryClass   = "hep-ex",
      reportNumber   = "FERMILAB-PUB-14-514-E",
      SLACcitation   = "%%CITATION = ARXIV:1412.2862;%%"
}

@article{Aaltonen:2008eq,
      author         = "Aaltonen, T. and others",
      title          = "{Measurement of the Inclusive Jet Cross Section at the
                        Fermilab Tevatron p anti-p Collider Using a Cone-Based Jet
                        Algorithm}",
      collaboration  = "CDF",
      journal        = "Phys. Rev.",
      volume         = "D78",
      year           = "2008",
      pages          = "052006",
      doi            = "10.1103/PhysRevD.79.119902, 10.1103/PhysRevD.78.052006",
      note           = "[Erratum: Phys. Rev.D79,119902(2009)]",
      eprint         = "0807.2204",
      archivePrefix  = "arXiv",
      primaryClass   = "hep-ex",
      reportNumber   = "FERMILAB-PUB-08-243-E",
      SLACcitation   = "%%CITATION = ARXIV:0807.2204;%%"
}


@article{Abazov:2008ae,
      author         = "Abazov, V. M. and others",
      title          = "{Measurement of the inclusive jet cross-section in $p
                        \bar{p}$ collisions at $s^{(1/2)}$ =1.96-TeV}",
      collaboration  = "D0",
      journal        = "Phys. Rev. Lett.",
      volume         = "101",
      year           = "2008",
      pages          = "062001",
      doi            = "10.1103/PhysRevLett.101.062001",
      eprint         = "0802.2400",
      archivePrefix  = "arXiv",
      primaryClass   = "hep-ex",
      reportNumber   = "FERMILAB-PUB-08-034-E",
      SLACcitation   = "%%CITATION = ARXIV:0802.2400;%%"
}


@article{Abramowicz:2015mha,
      author         = "Abramowicz, H. and others",
      title          = "{Combination of measurements of inclusive deep inelastic
                        ${e^{\pm }p}$ scattering cross sections and QCD analysis
                        of HERA data}",
      collaboration  = "H1, ZEUS",
      journal        = "Eur. Phys. J.",
      volume         = "C75",
      year           = "2015",
      number         = "12",
      pages          = "580",
      doi            = "10.1140/epjc/s10052-015-3710-4",
      eprint         = "1506.06042",
      archivePrefix  = "arXiv",
      primaryClass   = "hep-ex",
      reportNumber   = "DESY-15-039",
      SLACcitation   = "%%CITATION = ARXIV:1506.06042;%%"
}

%European Muon Collaboration (EMC)
@article{Aubert:1982km,
      author         = "Aubert, J. J. and others",
      title          = "{Production of charmonium in 250-GeV $\mu^+$ - iron
                        interactions}",
      collaboration  = "European Muon",
      journal        = "Nucl. Phys.",
      volume         = "B213",
      year           = "1983",
      pages          = "1-30",
      doi            = "10.1016/0550-3213(83)90173-6",
      reportNumber   = "CERN-EP-82-152",
      SLACcitation   = "%%CITATION = NUPHA,B213,1;%%"
}
% NMC New Muon Coll.
@article{Arneodo:1996qe,
      author         = "Arneodo, M. and others",
      title          = "{Measurement of the proton and deuteron structure
                        functions, F2(p) and F2(d), and of the ratio sigma-L /
                        sigma-T}",
      collaboration  = "New Muon",
      journal        = "Nucl. Phys.",
      volume         = "B483",
      year           = "1997",
      pages          = "3-43",
      doi            = "10.1016/S0550-3213(96)00538-X",
      eprint         = "hep-ph/9610231",
      archivePrefix  = "arXiv",
      primaryClass   = "hep-ph",
      SLACcitation   = "%%CITATION = HEP-PH/9610231;%%"
}

@article{D0:2007djv,
    author = "Abazov, V. M. and others",
    collaboration = "D0",
    title = "{Measurement of the Shape of the Boson Rapidity Distribution for $p \bar{p} \to Z / \gamma^* \to e^{+} e^{-} + X$ Events Produced at $\sqrt{s}$ of 1.96-TeV}",
    eprint = "hep-ex/0702025",
    archivePrefix = "arXiv",
    reportNumber = "FERMILAB-PUB-07-040-E",
    doi = "10.1103/PhysRevD.76.012003",
    journal = "Phys. Rev. D",
    volume = "76",
    pages = "012003",
    year = "2007"
}

@article{ATLAS:2018owm,
    collaboration = "ATLAS",
    title = "{Determination of the parton distribution functions of the proton from ATLAS measurements of differential $W$ and $Z/\gamma^*$ and $t\bar{t}$ cross sections}",
    eprint = "ATL-PHYS-PUB-2018-017",
    year = "2018"
}

@article{ATLAS:2021vod,
    author = "Aad, Georges and others",
    collaboration = "ATLAS",
    title = "{Determination of the parton distribution functions of the proton using diverse ATLAS data from $pp$ collisions at $\sqrt{s} = 7$, 8 and 13 TeV}",
    eprint = "2112.11266",
    archivePrefix = "arXiv",
    primaryClass = "hep-ex",
    reportNumber = "CERN-EP-2021-239",
    month = "12",
    year = "2021"
}

@article{NNPDF:2017mvq,
    author = "Ball, Richard D. and others",
    collaboration = "NNPDF",
    title = "{Parton distributions from high-precision collider data}",
    eprint = "1706.00428",
    archivePrefix = "arXiv",
    primaryClass = "hep-ph",
    reportNumber = "EDINBURGH-2017-08, NIKHEF-2017-006, OUTP-17-04P, TIF-UNIMI-2017-3, CAVENDISH-HEP-17-06, CERN-TH-2017-077, Edinburgh 2017/08,
  Nikhef/2017-006, OUTP-17-04P,TIF-UNIMI-2017-3",
    doi = "10.1140/epjc/s10052-017-5199-5",
    journal = "Eur. Phys. J. C",
    volume = "77",
    number = "10",
    pages = "663",
    year = "2017"
}

@article{Kovarik:2019xvh,
    author = "Kova\v{r}\'\i{}k, Karol and Nadolsky, Pavel M. and Soper, Davison E.",
    title = "{Hadronic structure in high-energy collisions}",
    eprint = "1905.06957",
    archivePrefix = "arXiv",
    primaryClass = "hep-ph",
    reportNumber = "MS-TP-19-09, SMU-HEP-19-05",
    doi = "10.1103/RevModPhys.92.045003",
    journal = "Rev. Mod. Phys.",
    volume = "92",
    number = "4",
    pages = "045003",
    year = "2020"
}

@article{Dulat:2015mca,
    author = "Dulat, Sayipjamal and Hou, Tie-Jiun and Gao, Jun and Guzzi, Marco and Huston, Joey and Nadolsky, Pavel and Pumplin, Jon and Schmidt, Carl and Stump, Daniel and Yuan, C. P.",
    title = "{New parton distribution functions from a global analysis of quantum chromodynamics}",
    eprint = "1506.07443",
    archivePrefix = "arXiv",
    primaryClass = "hep-ph",
    doi = "10.1103/PhysRevD.93.033006",
    journal = "Phys. Rev. D",
    volume = "93",
    number = "3",
    pages = "033006",
    year = "2016"
}


@article{NNPDF:2014otw,
    author = "Ball, Richard D. and others",
    collaboration = "NNPDF",
    title = "{Parton distributions for the LHC Run II}",
    eprint = "1410.8849",
    archivePrefix = "arXiv",
    primaryClass = "hep-ph",
    reportNumber = "EDINBURGH-2014-15, IFUM-1034-FT, CERN-PH-TH-2013-253, OUTP-14-11P, CAVENDISH-HEP-14-11",
    doi = "10.1007/JHEP04(2015)040",
    journal = "JHEP",
    volume = "04",
    pages = "040",
    year = "2015"
}

@article{Rojo:2015acz,
    author = "Rojo, Juan and others",
    title = "{The PDF4LHC report on PDFs and LHC data: Results from Run I and preparation for Run II}",
    eprint = "1507.00556",
    archivePrefix = "arXiv",
    primaryClass = "hep-ph",
    reportNumber = "OUTP-15-11P, LCTS-2015-14, GLAS-PPE-2015-01, DESY-15-088, CERN-PH-TH-2015-150, JLAB-THY-15-2064",
    doi = "10.1088/0954-3899/42/10/103103",
    journal = "J. Phys. G",
    volume = "42",
    pages = "103103",
    year = "2015"
}

@article{Ball:2011mu,
    author = "Ball, Richard D. and Bertone, Valerio and Cerutti, Francesco and Del Debbio, Luigi and Forte, Stefano and Guffanti, Alberto and Latorre, Jose I. and Rojo, Juan and Ubiali, Maria",
    title = "{Impact of Heavy Quark Masses on Parton Distributions and LHC Phenomenology}",
    eprint = "1101.1300",
    archivePrefix = "arXiv",
    primaryClass = "hep-ph",
    reportNumber = "EDINBURGH-2011-01, IFUM-969-FT, FR-PHENO-2010-043, RWTH-TTK-11-02",
    doi = "10.1016/j.nuclphysb.2011.03.021",
    journal = "Nucl. Phys. B",
    volume = "849",
    pages = "296--363",
    year = "2011"
}

@article{Botje:2011sn,
    author = "Botje, Michiel and others",
    title = "{The PDF4LHC Working Group Interim Recommendations}",
    eprint = "1101.0538",
    archivePrefix = "arXiv",
    primaryClass = "hep-ph",
    month = "1",
    year = "2011"
}

@article{Alekhin:2011sk,
    author = "Alekhin, Sergey and others",
    title = "{The PDF4LHC Working Group Interim Report}",
    eprint = "1101.0536",
    archivePrefix = "arXiv",
    primaryClass = "hep-ph",
    month = "1",
    year = "2011"
}

@inproceedings{DeRoeck:2009zz,
    author = "De Roeck, Albert",
    title = "{Outlook: The PDF4LHC initiative}",
    booktitle = "{HERA and the LHC: 4th Workshop on the Implications of HERA for LHC Physics}",
    doi = "10.3204/DESY-PROC-2009-02/63",
    pages = "125--126",
    month = "3",
    year = "2009"
}

@article{Butterworth:2015oua,
    author = "Butterworth, Jon and others",
    title = "{PDF4LHC recommendations for LHC Run II}",
    eprint = "1510.03865",
    archivePrefix = "arXiv",
    primaryClass = "hep-ph",
    reportNumber = "OUTP-15-17P, SMU-HEP-15-12, TIF-UNIMI-2015-14, LCTS-2015-27, CERN-PH-TH-2015-249",
    doi = "10.1088/0954-3899/43/2/023001",
    journal = "J. Phys. G",
    volume = "43",
    pages = "023001",
    year = "2016"
}

@article{ParticleDataGroup:2020ssz,
    author = "Zyla, P. A. and others",
    collaboration = "Particle Data Group",
    title = "{Review of Particle Physics}",
    doi = "10.1093/ptep/ptaa104",
    journal = "PTEP",
    volume = "2020",
    number = "8",
    pages = "083C01",
    year = "2020"
}

@article{Thorne,
    author = "Thorne, R. S.",
    title = "{Effect of changes of variable flavor number scheme on parton distribution functions and predicted cross sections}",
    eprint = "1201.6180",
    archivePrefix = "arXiv",
    primaryClass = "hep-ph",
    doi = "10.1103/PhysRevD.86.074017",
    journal = "Phys. Rev. D",
    volume = "86",
    pages = "074017",
    year = "2012"
}

@article{TR,
    author = "Thorne, R. S. and Roberts, R.G.",
    title = "{An Ordered analysis of heavy flavor production in deep inelastic scattering}",
    eprint = "hep-ph/9709442",
    archivePrefix = "arXiv",
    reportNumber = "RAL-TR-97-049",
    doi = "10.1103/PhysRevD.57.6871",
    journal = "Phys. Rev. D",
    volume = "57",
    pages = "6871--6898",
    year = "1998"
}

@article{TR1,
    author = "Thorne, R. S.",
    title = "{A Variable-flavor number scheme for NNLO}",
    eprint = "hep-ph/0601245",
    archivePrefix = "arXiv",
    reportNumber = "CAVENDISH-HEP-2006-01",
    doi = "10.1103/PhysRevD.73.054019",
    journal = "Phys. Rev. D",
    volume = "73",
    pages = "054019",
    year = "2006"
}

@article{deF,
    author = "de Florian, Daniel and Sassot, Rodolfo and Zurita, Pia and Stratmann, Marco",
    title = "{Global Analysis of Nuclear Parton Distributions}",
    eprint = "1112.6324",
    archivePrefix = "arXiv",
    primaryClass = "hep-ph",
    doi = "10.1103/PhysRevD.85.074028",
    journal = "Phys. Rev. D",
    volume = "85",
    pages = "074028",
    year = "2012"
}

@article{Ethier:2020way,
    author = "Ethier, Jacob J. and Nocera, Emanuele R.",
    title = "{Parton Distributions in Nucleons and Nuclei}",
    eprint = "2001.07722",
    archivePrefix = "arXiv",
    primaryClass = "hep-ph",
    reportNumber = "Nikhef/2020-003",
    doi = "10.1146/annurev-nucl-011720-042725",
    journal = "Ann. Rev. Nucl. Part. Sci.",
    volume = "70",
    pages = "43--76",
    year = "2020"
}

@article{Gao:2017yyd,
    author = "Gao, Jun and Harland-Lang, Lucian and Rojo, Juan",
    title = "{The Structure of the Proton in the LHC Precision Era}",
    eprint = "1709.04922",
    archivePrefix = "arXiv",
    primaryClass = "hep-ph",
    doi = "10.1016/j.physrep.2018.03.002",
    journal = "Phys. Rept.",
    volume = "742",
    pages = "1--121",
    year = "2018"
}

@article{NNLOdimuon,
    author = "Berger, Edmond L. and Gao, Jun and Li, Chong Sheng and Liu, Ze Long and Zhu, Hua Xing",
    title = "{Charm-Quark Production in Deep-Inelastic Neutrino Scattering at Next-to-Next-to-Leading Order in QCD}",
    eprint = "1601.05430",
    archivePrefix = "arXiv",
    primaryClass = "hep-ph",
    doi = "10.1103/PhysRevLett.116.212002",
    journal = "Phys. Rev. Lett.",
    volume = "116",
    number = "21",
    pages = "212002",
    year = "2016"
}

@article{Carrazza:2016htc,
    author = "Carrazza, Stefano and Forte, Stefano and Kassabov, Zahari and Rojo, Juan",
    title = "{Specialized minimal PDFs for optimized LHC calculations}",
    eprint = "1602.00005",
    archivePrefix = "arXiv",
    primaryClass = "hep-ph",
    reportNumber = "CERN-PH-TH-2015-243, TIF-UNIMI-2015-13, OUTP-15-24P",
    doi = "10.1140/epjc/s10052-016-4042-8",
    journal = "Eur. Phys. J. C",
    volume = "76",
    number = "4",
    pages = "205",
    year = "2016"
}

@article{Gao:2013bia,
    author = "Gao, Jun and Nadolsky, Pavel",
    title = "{A meta-analysis of parton distribution functions}",
    eprint = "1401.0013",
    archivePrefix = "arXiv",
    primaryClass = "hep-ph",
    doi = "10.1007/JHEP07(2014)035",
    journal = "JHEP",
    volume = "07",
    pages = "035",
    year = "2014"
}


@article{Carrazza:2015aoa,
    author = "Carrazza, Stefano and Forte, Stefano and Kassabov, Zahari and Latorre, Jose Ignacio and Rojo, Juan",
    title = "{An Unbiased Hessian Representation for Monte Carlo PDFs}",
    eprint = "1505.06736",
    archivePrefix = "arXiv",
    primaryClass = "hep-ph",
    reportNumber = "TIF-UNIMI-2015-1, OUTP-15-04P",
    doi = "10.1140/epjc/s10052-015-3590-7",
    journal = "Eur. Phys. J. C",
    volume = "75",
    number = "8",
    pages = "369",
    year = "2015"
}

@article{Carrazza:2015hva,
    author = "Carrazza, Stefano and Latorre, Jos\'e I. and Rojo, Juan and Watt, Graeme",
    title = "{A compression algorithm for the combination of PDF sets}",
    eprint = "1504.06469",
    archivePrefix = "arXiv",
    primaryClass = "hep-ph",
    reportNumber = "TIF-UNIMI-2015-2, OUTP-15-01P, IPPP-15-22, DCPT-15-44",
    doi = "10.1140/epjc/s10052-015-3703-3",
    journal = "Eur. Phys. J. C",
    volume = "75",
    pages = "474",
    year = "2015"
}

@article{Watt:2012tq,
    author = "Watt, G. and Thorne, R. S.",
    title = "{Study of Monte Carlo approach to experimental uncertainty propagation with MSTW 2008 PDFs}",
    eprint = "1205.4024",
    archivePrefix = "arXiv",
    primaryClass = "hep-ph",
    reportNumber = "CERN-PH-TH-2012-132, LCTS-2012-11",
    doi = "10.1007/JHEP08(2012)052",
    journal = "JHEP",
    volume = "08",
    pages = "052",
    year = "2012"
}

@article{Andersen:2014efa,
    author = "Andersen, J. R. and others",
    title = "{Les Houches 2013: Physics at TeV Colliders: Standard Model Working Group Report}",
    eprint = "1405.1067",
    archivePrefix = "arXiv",
    primaryClass = "hep-ph",
    month = "5",
    year = "2014"
}

@inproceedings{Andersen:2016qtm,
    author = "Andersen, J. R. and others",
    title = "{Les Houches 2015: Physics at TeV Colliders Standard Model Working Group Report}",
    booktitle = "{9th Les Houches Workshop on Physics at TeV Colliders}",
    eprint = "1605.04692",
    archivePrefix = "arXiv",
    primaryClass = "hep-ph",
    reportNumber = "FERMILAB-CONF-16-175-PPD-T",
    month = "5",
    year = "2016"
}


@article{Ball:2012wy,
    author = "Ball, Richard D. and others",
    title = "{Parton Distribution Benchmarking with LHC Data}",
    eprint = "1211.5142",
    archivePrefix = "arXiv",
    primaryClass = "hep-ph",
    reportNumber = "CERN-PH-TH-2012-263",
    doi = "10.1007/JHEP04(2013)125",
    journal = "JHEP",
    volume = "04",
    pages = "125",
    year = "2013"
}

@article{ATLASW8,
    author = "Aad, Georges and others",
    collaboration = "ATLAS",
    title = "{Measurement of the cross-section and charge asymmetry of $W$ bosons produced in proton--proton collisions at $\sqrt{s}=$8~TeV with the ATLAS detector}",
    eprint = "1904.05631",
    archivePrefix = "arXiv",
    primaryClass = "hep-ex",
    reportNumber = "CERN-EP-2019-053",
    doi = "10.1140/epjc/s10052-019-7199-0",
    journal = "Eur. Phys. J. C",
    volume = "79",
    number = "9",
    pages = "760",
    year = "2019"
}

@article{ATLAS8Z3D,
    author = "Aaboud, M. and others",
    collaboration = "ATLAS",
    title = "{Measurement of the Drell-Yan triple-differential cross section in $pp$ collisions at $\sqrt{s} = 8$ TeV}",
    eprint = "1710.05167",
    archivePrefix = "arXiv",
    primaryClass = "hep-ex",
    reportNumber = "CERN-EP-2017-152",
    doi = "10.1007/JHEP12(2017)059",
    journal = "JHEP",
    volume = "12",
    pages = "059",
    year = "2017"
}

@article{NNLOjets,
    author = "Currie, J and Glover, E.W.N. and Pires, J",
    title = "{Next-to-Next-to Leading Order QCD Predictions for Single Jet Inclusive Production at the LHC}",
    eprint = "1611.01460",
    archivePrefix = "arXiv",
    primaryClass = "hep-ph",
    reportNumber = "IPPP-16-110, MPP-2016-322",
    doi = "10.1103/PhysRevLett.118.072002",
    journal = "Phys. Rev. Lett.",
    volume = "118",
    number = "7",
    pages = "072002",
    year = "2017"
}


@article{Bonvini:2015ira,
    author = "Bonvini, Marco and Marzani, Simone and Rojo, Juan and Rottoli, Luca and Ubiali, Maria and Ball, Richard D. and Bertone, Valerio and Carrazza, Stefano and Hartland, Nathan P.",
    title = "{Parton distributions with threshold resummation}",
    eprint = "1507.01006",
    archivePrefix = "arXiv",
    primaryClass = "hep-ph",
    reportNumber = "OUTP-15-03P, MIT-CTP-4657, CAVENDISH-HEP-15-02, CERN-PH-TH-2015-060, EDINBURGH-2015-04, TIF-UNIMI-2015-6",
    doi = "10.1007/JHEP09(2015)191",
    journal = "JHEP",
    volume = "09",
    pages = "191",
    year = "2015"
}

@article{Kidonakis,
    author = "Kidonakis, Nikolaos and Owens, J.F.",
    title = "{Effects of higher order threshold corrections in high E(T) jet production}",
    eprint = "hep-ph/0007268",
    archivePrefix = "arXiv",
    reportNumber = "FSU-HEP-2000-0720",
    doi = "10.1103/PhysRevD.63.054019",
    journal = "Phys. Rev. D",
    volume = "63",
    pages = "054019",
    year = "2001"
}


@article{CMS7Wpc,
    author = "Chatrchyan, Serguei and others",
    collaboration = "CMS",
    title = "{Measurement of Associated W + Charm Production in pp Collisions at $\sqrt{s}$ = 7 TeV}",
    eprint = "1310.1138",
    archivePrefix = "arXiv",
    primaryClass = "hep-ex",
    reportNumber = "CMS-SMP-12-002, CERN-PH-EP-2013-149",
    doi = "10.1007/JHEP02(2014)013",
    journal = "JHEP",
    volume = "02",
    pages = "013",
    year = "2014"
}
@article{MMSTWW,
    author = "Martin, A. D. and Mathijssen, A.J.Th.M. and Stirling, W.J. and Thorne, R. S. and Watt, B.J.A. and Watt, G.",
    title = "{Extended Parameterisations for MSTW PDFs and their effect on Lepton Charge Asymmetry from W Decays}",
    eprint = "1211.1215",
    archivePrefix = "arXiv",
    primaryClass = "hep-ph",
    reportNumber = "LCTS-2012-27, CAVENDISH-HEP-2012-16, IPPP-12-78, ZU-TH-24-12",
    doi = "10.1140/epjc/s10052-013-2318-9",
    journal = "Eur. Phys. J. C",
    volume = "73",
    number = "2",
    pages = "2318",
    year = "2013"
}

@article{MMHT2015,
    author = "Harland-Lang, L. A. and Martin, A. D. and Motylinski, P. and Thorne, R. S.",
    title = "{The impact of the final HERA combined data on PDFs obtained from a global fit}",
    eprint = "1601.03413",
    archivePrefix = "arXiv",
    primaryClass = "hep-ph",
    reportNumber = "LCTS-2015-45, IPPP-15-81, DCPT-15-162",
    doi = "10.1140/epjc/s10052-016-4020-1",
    journal = "Eur. Phys. J. C",
    volume = "76",
    number = "4",
    pages = "186",
    year = "2016"
}

@article{HERAhf,
    author = "Abramowicz, H. and others",
    collaboration = "H1, ZEUS",
    title = "{Combination and QCD analysis of charm and beauty production cross-section measurements in deep inelastic $ep$ scattering at HERA}",
    eprint = "1804.01019",
    archivePrefix = "arXiv",
    primaryClass = "hep-ex",
    reportNumber = "DESY 18-037, DESY-18-037",
    doi = "10.1140/epjc/s10052-018-5848-3",
    journal = "Eur. Phys. J. C",
    volume = "78",
    number = "6",
    pages = "473",
    year = "2018"
}


@article{D0Wasym,
    author = "Abazov, Victor Mukhamedovich and others",
    collaboration = "D0",
    title = "{Measurement of the W Boson Production Charge Asymmetry in $p\bar{p}\rightarrow W+X \rightarrow e\nu +X$ Events at $\sqrt{s}=1.96$ TeV}",
    eprint = "1312.2895",
    archivePrefix = "arXiv",
    primaryClass = "hep-ex",
    reportNumber = "FERMILAB-PUB-13-567-E",
    doi = "10.1103/PhysRevLett.112.151803",
    journal = "Phys. Rev. Lett.",
    volume = "112",
    number = "15",
    pages = "151803",
    year = "2014",
    note = "[Erratum: Phys.Rev.Lett. 114, 049901 (2015)]"
}


@article{Tevatron-top,
      author         = "Aaltonen, Timo Antero and others",
      title          = "{Combination of Measurements of the Top-Quark Pair
                        Production Cross Section from the Tevatron Collider}",
      collaboration  = "CDF, D0",
      journal        = "Phys. Rev.",
      volume         = "D89",
      year           = "2014",
      number         = "7",
      pages          = "072001",
      doi            = "10.1103/PhysRevD.89.072001",
      eprint         = "1309.7570",
      archivePrefix  = "arXiv",
      primaryClass   = "hep-ex",
      reportNumber   = "FERMILAB-PUB-13-432-E",
      SLACcitation   = "%%CITATION = ARXIV:1309.7570;%%"
}

@article{ATLAS-top7(1),
      author         = "Aad, Georges and others",
      title          = "{Measurement of the top quark-pair production cross
                        section with ATLAS in pp collisions at $\sqrt{s}=7$ TeV}",
      collaboration  = "ATLAS",
      journal        = "Eur. Phys. J.",
      volume         = "C71",
      year           = "2011",
      pages          = "1577",
      doi            = "10.1140/epjc/s10052-011-1577-6",
      eprint         = "1012.1792",
      archivePrefix  = "arXiv",
      primaryClass   = "hep-ex",
      reportNumber   = "CERN-PH-EP-2010-064",
      SLACcitation   = "%%CITATION = ARXIV:1012.1792;%%"
}

@article{ATLAS-top7(2),
      author         = "Aad, Georges and others",
      title          = "{Measurement of the top quark pair production cross
                        section in $pp$ collisions at $\sqrt{s}=7$ TeV in dilepton
                        final states with ATLAS}",
      collaboration  = "ATLAS",
      journal        = "Phys. Lett.",
      volume         = "B707",
      year           = "2012",
      pages          = "459-477",
      doi            = "10.1016/j.physletb.2011.12.055",
      eprint         = "1108.3699",
      archivePrefix  = "arXiv",
      primaryClass   = "hep-ex",
      reportNumber   = "CERN-PH-EP-2011-103",
      SLACcitation   = "%%CITATION = ARXIV:1108.3699;%%"
}

@article{ATLAS-top7(3),
      author         = "Aad, Georges and others",
      title          = "{Measurement of the top quark pair production
                        cross-section with ATLAS in the single lepton channel}",
      collaboration  = "ATLAS",
      journal        = "Phys. Lett.",
      volume         = "B711",
      year           = "2012",
      pages          = "244-263",
      doi            = "10.1016/j.physletb.2012.03.083",
      eprint         = "1201.1889",
      archivePrefix  = "arXiv",
      primaryClass   = "hep-ex",
      reportNumber   = "CERN-PH-EP-2011-201",
      SLACcitation   = "%%CITATION = ARXIV:1201.1889;%%"
}

@article{ATLAS-top7(4),
      author         = "Aad, Georges and others",
      title          = "{Measurement of the cross section for top-quark pair
                        production in $pp$ collisions at $\sqrt{s}=7$ TeV with the
                        ATLAS detector using final states with two high-pt
                        leptons}",
      collaboration  = "ATLAS",
      journal        = "JHEP",
      volume         = "05",
      year           = "2012",
      pages          = "059",
      doi            = "10.1007/JHEP05(2012)059",
      eprint         = "1202.4892",
      archivePrefix  = "arXiv",
      primaryClass   = "hep-ex",
      reportNumber   = "CERN-PH-EP-2011-223",
      SLACcitation   = "%%CITATION = ARXIV:1202.4892;%%"
}

@article{ATLAS-top7(5),
      author         = "Aad, Georges and others",
      title          = "{Measurement of the top quark pair cross section with
                        ATLAS in $pp$ collisions at $\sqrt{s} =$ 7 TeV using final
                        states with an electron or a muon and a hadronically
                        decaying $\tau$ lepton}",
      collaboration  = "ATLAS",
      journal        = "Phys. Lett.",
      volume         = "B717",
      year           = "2012",
      pages          = "89-108",
      doi            = "10.1016/j.physletb.2012.09.032",
      eprint         = "1205.2067",
      archivePrefix  = "arXiv",
      primaryClass   = "hep-ex",
      reportNumber   = "CERN-PH-EP-2012-102",
      SLACcitation   = "%%CITATION = ARXIV:1205.2067;%%"
}

@article{ATLAS-top7(6),
      author         = "Aad, Georges and others",
      title          = "{Measurement of the $t \bar t$ production cross section in the
                        $\tau+$ jets channel using the ATLAS detector}",
      collaboration  = "ATLAS",
      journal        = "Eur. Phys. J.",
      volume         = "C73",
      year           = "2013",
      number         = "3",
      pages          = "2328",
      doi            = "10.1140/epjc/s10052-013-2328-7",
      eprint         = "1211.7205",
      archivePrefix  = "arXiv",
      primaryClass   = "hep-ex",
      reportNumber   = "CERN-PH-EP-2012-328",
      SLACcitation   = "%%CITATION = ARXIV:1211.7205;%%"
}

@article{CMS-top7(1),
    author = "Chatrchyan, Serguei and others",
    collaboration = "CMS",
    title = "{Measurement of the top quark pair production cross section in $pp$ collisions at $\sqrt{s} = 7$ TeV in dilepton final states containing a $\tau$}",
    eprint = "1203.6810",
    archivePrefix = "arXiv",
    primaryClass = "hep-ex",
    reportNumber = "CMS-TOP-11-006, CERN-PH-EP-2012-078",
    doi = "10.1103/PhysRevD.85.112007",
    journal = "Phys. Rev. D",
    volume = "85",
    pages = "112007",
    year = "2012"
}

@article{CMS-top8,
    author = "Chatrchyan, Serguei and others",
    collaboration = "CMS",
    title = "{Measurement of the $t \bar{t}$ production cross section in the dilepton channel in pp collisions at $\sqrt{s}$ = 8 TeV}",
    eprint = "1312.7582",
    archivePrefix = "arXiv",
    primaryClass = "hep-ex",
    reportNumber = "CMS-TOP-12-007, CERN-PH-EP-2013-234",
    doi = "10.1007/JHEP02(2014)024",
    journal = "JHEP",
    volume = "02",
    pages = "024",
    year = "2014",
    note = "[Erratum: JHEP 02, 102 (2014)]"
}

@article{CMSW8,
    author = "Khachatryan, Vardan and others",
    collaboration = "CMS",
    title = "{Measurement of the differential cross section and charge asymmetry for inclusive $\mathrm {p}\mathrm {p}\rightarrow \mathrm {W}^{\pm }+X$ production at ${\sqrt{s}} = 8$ TeV}",
    eprint = "1603.01803",
    archivePrefix = "arXiv",
    primaryClass = "hep-ex",
    reportNumber = "CMS-SMP-14-022, CERN-EP-2016-043",
    doi = "10.1140/epjc/s10052-016-4293-4",
    journal = "Eur. Phys. J. C",
    volume = "76",
    number = "8",
    pages = "469",
    year = "2016"
}

@article{ATLASttbarDilep08_ytt,
    author = "Aaboud, Morad and others",
    collaboration = "ATLAS",
    title = "{Measurement of top quark pair differential cross-sections in the dilepton channel in $pp$ collisions at $\sqrt{s}$ = 7 and 8 TeV with ATLAS}",
    eprint = "1607.07281",
    archivePrefix = "arXiv",
    primaryClass = "hep-ex",
    reportNumber = "CERN-EP-2016-144",
    doi = "10.1103/PhysRevD.94.092003",
    journal = "Phys. Rev. D",
    volume = "94",
    number = "9",
    pages = "092003",
    year = "2016"}

@article{ATLASHMDY8,
    author = "Aad, Georges and others",
    collaboration = "ATLAS",
    title = "{Measurement of the double-differential high-mass Drell-Yan cross section in pp collisions at $ \sqrt{s}=$8~TeV with the ATLAS detector}",
    eprint = "1606.01736",
    archivePrefix = "arXiv",
    primaryClass = "hep-ex",
    reportNumber = "CERN-EP-2016-079",
    doi = "10.1007/JHEP08(2016)009",
    journal = "JHEP",
    volume = "08",
    pages = "009",
    year = "2016"
}

@article{ATLASWjet,
    author = "Aaboud, Morad and others",
    collaboration = "ATLAS",
    title = "{Measurement of differential cross sections and $W^+/W^-$ cross-section ratios for $W$ boson production in association with jets at $\sqrt{s}=$8~TeV with the ATLAS detector}",
    eprint = "1711.03296",
    archivePrefix = "arXiv",
    primaryClass = "hep-ex",
    reportNumber = "CERN-EP-2017-213",
    doi = "10.1007/JHEP05(2018)077",
    journal = "JHEP",
    volume = "05",
    pages = "077",
    year = "2018"
}

@article{ATLAS8jets,
    author = "Aaboud, Morad and others",
    collaboration = "ATLAS",
    title = "{Measurement of the inclusive jet cross-sections in proton-proton collisions at $ \sqrt{s}=8 $ TeV with the ATLAS detector}",
    eprint = "1706.03192",
    archivePrefix = "arXiv",
    primaryClass = "hep-ex",
    reportNumber = "CERN-EP-2017-043",
    doi = "10.1007/JHEP09(2017)020",
    journal = "JHEP",
    volume = "09",
    pages = "020",
    year = "2017"
}

@article{CMS8ttDD,
    author = "Sirunyan, Albert M and others",
    collaboration = "CMS",
    title = "{Measurement of double-differential cross sections for top quark pair production in pp collisions at $\sqrt{s} = 8$ $\,\text {TeV}$ and impact on parton distribution functions}",
    eprint = "1703.01630",
    archivePrefix = "arXiv",
    primaryClass = "hep-ex",
    reportNumber = "CMS-TOP-14-013, CERN-EP-2017-030",
    doi = "10.1140/epjc/s10052-017-4984-5",
    journal = "Eur. Phys. J. C",
    volume = "77",
    number = "7",
    pages = "459",
    year = "2017"
}

@article{Cridge:2021qfd,
    author = "Cridge, T. and Harland-Lang, L. A. and Martin, A. D. and Thorne, R. S.",
    title = "{An investigation of the $\alpha_S$ and heavy quark mass dependence in the MSHT20 global PDF analysis}",
    eprint = "2106.10289",
    archivePrefix = "arXiv",
    primaryClass = "hep-ph",
    month = "6",
    year = "2021"
}

@article{MMHTmass,
    author = "Harland-Lang, L. A. and Martin, A. D. and Motylinski, P. and Thorne, R. S.",
    title = "{Charm and beauty quark masses in the MMHT2014 global PDF analysis}",
    eprint = "1510.02332",
    archivePrefix = "arXiv",
    primaryClass = "hep-ph",
    reportNumber = "LCTS-2015-30, IPPP-15-60, DCPT-15-120",
    doi = "10.1140/epjc/s10052-015-3843-5",
    journal = "Eur. Phys. J. C",
    volume = "76",
    number = "1",
    pages = "10",
    year = "2016"
}

@article{Beenakker:2015rna,
    author = {Beenakker, Wim and Borschensky, Christoph and Kr\"amer, Michael and Kulesza, Anna and Laenen, Eric and Marzani, Simone and Rojo, Juan},
    title = "{NLO+NLL squark and gluino production cross-sections with threshold-improved parton distributions}",
    eprint = "1510.00375",
    archivePrefix = "arXiv",
    primaryClass = "hep-ph",
    reportNumber = "OUTP-15-18P, MS-TP-15-16, TTK-15-26, ITP-UU-15-13, NIKHEF-2015-032",
    doi = "10.1140/epjc/s10052-016-3892-4",
    journal = "Eur. Phys. J. C",
    volume = "76",
    number = "2",
    pages = "53",
    year = "2016"
}

@article{Alekhin:2017kpj,
    author = {Alekhin, S. and Bl\"umlein, J. and Moch, S. and Placakyte, R.},
    title = "{Parton distribution functions, $\alpha_s$, and heavy-quark masses for LHC Run II}",
    eprint = "1701.05838",
    archivePrefix = "arXiv",
    primaryClass = "hep-ph",
    reportNumber = "DESY-16-179, DO-TH-16-13",
    doi = "10.1103/PhysRevD.96.014011",
    journal = "Phys. Rev. D",
    volume = "96",
    number = "1",
    pages = "014011",
    year = "2017"
}

@article{AbdulKhalek:2020yuc,
    author = "Abdul Khalek, Rabah and Ethier, Jacob J. and Rojo, Juan and van Weelden, Gijs",
    title = "{nNNPDF2.0: quark flavor separation in nuclei from LHC data}",
    eprint = "2006.14629",
    archivePrefix = "arXiv",
    primaryClass = "hep-ph",
    reportNumber = "Nikhef/2020-006",
    doi = "10.1007/JHEP09(2020)183",
    journal = "JHEP",
    volume = "09",
    pages = "183",
    year = "2020"
}

@article{Sato:2019yez,
    author = "Sato, N. and Andres, C. and Ethier, J. J. and Melnitchouk, W.",
    collaboration = "JAM",
    title = "{Strange quark suppression from a simultaneous Monte Carlo analysis of parton distributions and fragmentation functions}",
    eprint = "1905.03788",
    archivePrefix = "arXiv",
    primaryClass = "hep-ph",
    reportNumber = "JLAB-THY-19-2927, Nikhef-2019-012",
    doi = "10.1103/PhysRevD.101.074020",
    journal = "Phys. Rev. D",
    volume = "101",
    number = "7",
    pages = "074020",
    year = "2020"
}


@article{ATLAS:2017rzl,
    author = "Aaboud, Morad and others",
    collaboration = "ATLAS",
    title = "{Measurement of the $W$-boson mass in pp collisions at $\sqrt{s}=7$ TeV with the ATLAS detector}",
    eprint = "1701.07240",
    archivePrefix = "arXiv",
    primaryClass = "hep-ex",
    reportNumber = "CERN-EP-2016-305",
    doi = "10.1140/epjc/s10052-017-5475-4",
    journal = "Eur. Phys. J. C",
    volume = "78",
    number = "2",
    pages = "110",
    year = "2018",
    note = "[Erratum: Eur.Phys.J.C 78, 898 (2018)]"
}




@article{LHCb:2021bjt,
    author = "Aaij, Roel and others",
    collaboration = "LHCb",
    title = "{Measurement of the $W$ boson mass}",
    eprint = "2109.01113",
    archivePrefix = "arXiv",
    primaryClass = "hep-ex",
    reportNumber = "LHCb-PAPER-2021-024, CERN-EP-2021-170",
    month = "9",
    year = "2021"
}

@article{Wang:2018heo,
    author = "Wang, Bo-Ting and Hobbs, T. J. and Doyle, Sean and Gao, Jun and Hou, Tie-Jiun and Nadolsky, Pavel M. and Olness, Fredrick I.",
    title = "{Mapping the sensitivity of hadronic experiments to nucleon structure}",
    eprint = "1803.02777",
    archivePrefix = "arXiv",
    primaryClass = "hep-ph",
    reportNumber = "SMU-HEP-18-04",
    doi = "10.1103/PhysRevD.98.094030",
    journal = "Phys. Rev. D",
    volume = "98",
    number = "9",
    pages = "094030",
    year = "2018"
}

@article{Hobbs:2019gob,
    author = "Hobbs, T. J. and Wang, Bo-Ting and Nadolsky, Pavel M. and Olness, Fredrick I.",
    title = "{Charting the coming synergy between lattice QCD and high-energy phenomenology}",
    eprint = "1904.00022",
    archivePrefix = "arXiv",
    primaryClass = "hep-ph",
    reportNumber = "SMU-HEP-19-02",
    doi = "10.1103/PhysRevD.100.094040",
    journal = "Phys. Rev. D",
    volume = "100",
    number = "9",
    pages = "094040",
    year = "2019"
}

@article{Czakon:2013tha,
    author = "Czakon, Michal and Mangano, Michelangelo L. and Mitov, Alexander and Rojo, Juan",
    title = "{Constraints on the gluon PDF from top quark pair production at hadron colliders}",
    eprint = "1303.7215",
    archivePrefix = "arXiv",
    primaryClass = "hep-ph",
    reportNumber = "CERN-PH-TH-2013-036, TTK-13-09",
    doi = "10.1007/JHEP07(2013)167",
    journal = "JHEP",
    volume = "07",
    pages = "167",
    year = "2013"
}

@article{Czakon:2017dip,
    author = "Czakon, Michal and Heymes, David and Mitov, Alexander",
    title = "{fastNLO tables for NNLO top-quark pair differential distributions}",
    eprint = "1704.08551",
    archivePrefix = "arXiv",
    primaryClass = "hep-ph",
    reportNumber = "CAVENDISH-HEP-17-08, TTK-17-10",
    month = "4",
    year = "2017"
}

@article{Wobisch:2011ij,
    author = "Wobisch, M. and Britzger, D. and Kluge, T. and Rabbertz, K. and Stober, F.",
    collaboration = "fastNLO",
    title = "{Theory-Data Comparisons for Jet Measurements in Hadron-Induced Processes}",
    eprint = "1109.1310",
    archivePrefix = "arXiv",
    primaryClass = "hep-ph",
    reportNumber = "DESY-11-150, FERMILAB-PUB-11-418-PPD",
    month = "9",
    year = "2011"
}

@inproceedings{Britzger:2012bs,
    author = "Britzger, Daniel and Rabbertz, Klaus and Stober, Fred and Wobisch, Markus",
    collaboration = "fastNLO",
    title = "{New features in version 2 of the fastNLO project}",
    booktitle = "{20th International Workshop on Deep-Inelastic Scattering and Related Subjects}",
    eprint = "1208.3641",
    archivePrefix = "arXiv",
    primaryClass = "hep-ph",
    doi = "10.3204/DESY-PROC-2012-02/165",
    pages = "217--221",
    year = "2012"
}

@article{Schmidt:2018hvu,
    author = "Schmidt, Carl and Pumplin, Jon and Yuan, C. P. and Yuan, P.",
    title = "{Updating and optimizing error parton distribution function sets in the Hessian approach}",
    eprint = "1806.07950",
    archivePrefix = "arXiv",
    primaryClass = "hep-ph",
    reportNumber = "MSUHEP-18-006",
    doi = "10.1103/PhysRevD.98.094005",
    journal = "Phys. Rev. D",
    volume = "98",
    number = "9",
    pages = "094005",
    year = "2018"
}


@article{Carrazza:2021hny,
	author = "Carrazza, Stefano and Cruz-Martinez, Juan M. and Rabemananjara, Tanjona R.",
	title = "{Compressing PDF sets using generative adversarial networks}",
	eprint = "2104.04535",
	archivePrefix = "arXiv",
	primaryClass = "hep-ph",
	doi = "10.1140/epjc/s10052-021-09338-8",
	journal = "Eur. Phys. J. C",
	volume = "81",
	number = "6",
	pages = "530",
	year = "2021"
}

@article{Lai:2010nw,
    author = "Lai, Hung-Liang and Huston, Joey and Li, Zhao and Nadolsky, Pavel and Pumplin, Jon and Stump, Daniel and Yuan, C. -P.",
    title = "{Uncertainty induced by QCD coupling in the CTEQ global analysis of parton distributions}",
    eprint = "1004.4624",
    archivePrefix = "arXiv",
    primaryClass = "hep-ph",
    reportNumber = "MSUHEP-100421, SMU-HEP-10-07",
    doi = "10.1103/PhysRevD.82.054021",
    journal = "Phys. Rev. D",
    volume = "82",
    pages = "054021",
    year = "2010"
}

@inproceedings{Cridge:2021qjj,
    author = "Cridge, Thomas",
    collaboration = "PDF4LHC21 combination group",
    title = "{PDF4LHC21: Update on the benchmarking of the CT, MSHT and NNPDF global PDF fits}",
    booktitle = "{28th International Workshop on Deep Inelastic Scattering and Related Subjects}",
    eprint = "2108.09099",
    archivePrefix = "arXiv",
    primaryClass = "hep-ph",
    month = "8",
    year = "2021"
}

@article{Hou:2016sho,
    author = "Hou, Tie-Jiun and others",
    title = "{Reconstruction of Monte Carlo replicas from Hessian parton distributions}",
    eprint = "1607.06066",
    archivePrefix = "arXiv",
    primaryClass = "hep-ph",
    reportNumber = "SMU-HEP-16-06",
    doi = "10.1007/JHEP03(2017)099",
    journal = "JHEP",
    volume = "03",
    pages = "099",
    year = "2017"
}

@article{Candido:2022tld,
    author = "Candido, Alessandro and Hekhorn, Felix and Magni, Giacomo",
    title = "{EKO: Evolution Kernel Operators}",
    eprint = "2202.02338",
    archivePrefix = "arXiv",
    primaryClass = "hep-ph",
    reportNumber = "TIF-UNIMI-2022-2, Nikhef-2022-003",
    month = "2",
    year = "2022"
}

@article{Bertone:2013vaa,
    author = "Bertone, Valerio and Carrazza, Stefano and Rojo, Juan",
    title = "{APFEL: A PDF Evolution Library with QED corrections}",
    eprint = "1310.1394",
    archivePrefix = "arXiv",
    primaryClass = "hep-ph",
    reportNumber = "IFUM-1015-FT, CERN-PH-TH-2013-209",
    doi = "10.1016/j.cpc.2014.03.007",
    journal = "Comput. Phys. Commun.",
    volume = "185",
    pages = "1647--1668",
    year = "2014"
}


@article{Harland-Lang:2019pla,
    author = "Harland-Lang, L. A. and Martin, A. D. and Nathvani, R. and Thorne, R. S.",
    title = "{Ad Lucem: QED Parton Distribution Functions in the MMHT Framework}",
    eprint = "1907.02750",
    archivePrefix = "arXiv",
    primaryClass = "hep-ph",
    doi = "10.1140/epjc/s10052-019-7296-0",
    journal = "Eur. Phys. J. C",
    volume = "79",
    number = "10",
    pages = "811",
    year = "2019"
}

@article{Cridge:2021pxm,
    author = "Cridge, T. and Harland-Lang, L. A. and Martin, A. D. and Thorne, R. S.",
    title = "{QED Parton Distribution Functions in the MSHT20 Fit}",
    eprint = "2111.05357",
    archivePrefix = "arXiv",
    primaryClass = "hep-ph",
    reportNumber = "IPPP/21/44",
    month = "11",
    year = "2021"
}

@article{Carrazza:2020gss,
    author = "Carrazza, S. and Nocera, E. R. and Schwan, C. and Zaro, M.",
    title = "{PineAPPL: combining EW and QCD corrections for fast evaluation of LHC processes}",
    eprint = "2008.12789",
    archivePrefix = "arXiv",
    primaryClass = "hep-ph",
    doi = "10.1007/JHEP12(2020)108",
    journal = "JHEP",
    volume = "12",
    pages = "108",
    year = "2020"
}

@article{Frederix:2018nkq,
    author = "Frederix, R. and Frixione, S. and Hirschi, V. and Pagani, D. and Shao, H. -S. and Zaro, M.",
    title = "{The automation of next-to-leading order electroweak calculations}",
    eprint = "1804.10017",
    archivePrefix = "arXiv",
    primaryClass = "hep-ph",
    reportNumber = "Nikhef/2018-015, TUM-HEP-1138/18, NIKHEF-2018-015, TUM-HEP-1138-18",
    doi = "10.1007/JHEP07(2018)185",
    journal = "JHEP",
    volume = "07",
    pages = "185",
    year = "2018"
}

@article{Alwall:2014hca,
      author         = "Alwall, J. and Frederix, R. and Frixione, S. and Hirschi,
                        V. and Maltoni, F. and others",
      title          = "{The automated computation of tree-level and
                        next-to-leading order differential cross sections, and
                        their matching to parton shower simulations}",
      journal        = "JHEP",
      volume         = "1407",
      pages          = "079",
      doi            = "10.1007/JHEP07(2014)079",
      year           = "2014",
      eprint         = "1405.0301",
      archivePrefix  = "arXiv",
      primaryClass   = "hep-ph",
      reportNumber   = "CERN-PH-TH-2014-064, CP3-14-18, LPN14-066, MCNET-14-09,
                        ZU-TH-14-14",
      SLACcitation   = "%%CITATION = ARXIV:1405.0301;%%",
}

@software{christopher_schwan_2022_5846421,
  author       = {Christopher Schwan and
                  Alessandro Candido and
                  Felix Hekhorn and
                  Stefano Carrazza},
  title        = {N3PDF/pineappl: v0.5.0-beta.6},
  month        = jan,
  year         = 2022,
  publisher    = {Zenodo},
  version      = {v0.5.0-beta.6},
  doi          = {10.5281/zenodo.5846421},
  url          = {https://doi.org/10.5281/zenodo.5846421}
}





@article{MINERvA:2014rdw,
	author = "Tice, B. G. and others",
	collaboration = "MINERvA",
	title = "{Measurement of Ratios of $\nu_{\mu}$ Charged-Current Cross Sections on C, Fe, and Pb to CH at Neutrino Energies 2-20 GeV}",
	eprint = "1403.2103",
	archivePrefix = "arXiv",
	primaryClass = "hep-ex",
	reportNumber = "FERMILAB-PUB-14-025-E",
	doi = "10.1103/PhysRevLett.112.231801",
	journal = "Phys. Rev. Lett.",
	volume = "112",
	number = "23",
	pages = "231801",
	year = "2014"
}


@article{T2K:2017qxv,
	author = "Abe, K. and others",
	collaboration = "T2K",
	title = "{First measurement of the $\nu_{\mu}$ charged-current cross section on a water target without pions in the final state}",
	eprint = "1708.06771",
	archivePrefix = "arXiv",
	primaryClass = "hep-ex",
	doi = "10.1103/PhysRevD.97.012001",
	journal = "Phys. Rev. D",
	volume = "97",
	number = "1",
	pages = "012001",
	year = "2018"
}



@article{T2K:2016jor,
	author = "Abe, Ko and others",
	collaboration = "T2K",
	title = "{Measurement of double-differential muon neutrino charged-current interactions on C$_8$H$_8$ without pions in the final state using the T2K off-axis beam}",
	eprint = "1602.03652",
	archivePrefix = "arXiv",
	primaryClass = "hep-ex",
	doi = "10.1103/PhysRevD.93.112012",
	journal = "Phys. Rev. D",
	volume = "93",
	number = "11",
	pages = "112012",
	year = "2016"
}



@article{T2K:2015cxp,
	author = "Abe, K. and others",
	collaboration = "T2K",
	title = "{Measurement of the muon neutrino inclusive charged-current cross section in the energy range of 1\textendash{}3 GeV with the T2K INGRID detector}",
	eprint = "1509.06940",
	archivePrefix = "arXiv",
	primaryClass = "hep-ex",
	doi = "10.1103/PhysRevD.93.072002",
	journal = "Phys. Rev. D",
	volume = "93",
	number = "7",
	pages = "072002",
	year = "2016"
}



@article{MINERvA:2015ydy,
	author = "Rodrigues, P. A. and others",
	collaboration = "MINERvA",
	title = "{Identification of nuclear effects in neutrino-carbon interactions at low three-momentum transfer}",
	eprint = "1511.05944",
	archivePrefix = "arXiv",
	primaryClass = "hep-ex",
	reportNumber = "FERMILAB-PUB-15-498-ND",
	doi = "10.1103/PhysRevLett.116.071802",
	journal = "Phys. Rev. Lett.",
	volume = "116",
	pages = "071802",
	year = "2016",
	note = "[Addendum: Phys.Rev.Lett. 121, 209902 (2018)]"
}




@article{ArgoNeuT:2011bms,
	author = "Anderson, C. and others",
	collaboration = "ArgoNeuT",
	title = "{First Measurements of Inclusive Muon Neutrino Charged Current Differential Cross Sections on Argon}",
	eprint = "1111.0103",
	archivePrefix = "arXiv",
	primaryClass = "hep-ex",
	reportNumber = "FERMILAB-PUB-11-591-PPD",
	doi = "10.1103/PhysRevLett.108.161802",
	journal = "Phys. Rev. Lett.",
	volume = "108",
	pages = "161802",
	year = "2012"
}

@article{MicroBooNE:2019nio,
	author = "Abratenko, P. and others",
	collaboration = "MicroBooNE",
	title = "{First Measurement of Inclusive Muon Neutrino Charged Current Differential Cross Sections on Argon at $E_\nu\sim$0.8 GeV with the MicroBooNE Detector}",
	eprint = "1905.09694",
	archivePrefix = "arXiv",
	primaryClass = "hep-ex",
	reportNumber = "FERMILAB-PUB-19-235-ND",
	doi = "10.1103/PhysRevLett.123.131801",
	journal = "Phys. Rev. Lett.",
	volume = "123",
	number = "13",
	pages = "131801",
	year = "2019"
}


@article{NuTeV:2005wsg,
	author = "Tzanov, M. and others",
	collaboration = "NuTeV",
	title = "{Precise measurement of neutrino and anti-neutrino differential cross sections}",
	eprint = "hep-ex/0509010",
	archivePrefix = "arXiv",
	reportNumber = "FERMILAB-PUB-05-453-E",
	doi = "10.1103/PhysRevD.74.012008",
	journal = "Phys. Rev. D",
	volume = "74",
	pages = "012008",
	year = "2006"
}


@article{ArgoNeuT:2014rlj,
	author = "Acciarri, R. and others",
	collaboration = "ArgoNeuT",
	title = "{Measurements of Inclusive Muon Neutrino and Antineutrino Charged Current Differential Cross Sections on Argon in the NuMI Antineutrino Beam}",
	eprint = "1404.4809",
	archivePrefix = "arXiv",
	primaryClass = "hep-ex",
	reportNumber = "FERMILAB-PUB-14-104-E",
	doi = "10.1103/PhysRevD.89.112003",
	journal = "Phys. Rev. D",
	volume = "89",
	number = "11",
	pages = "112003",
	year = "2014"
}